2578 3956
549 170 769 233 ..71-

151 311 303 377 conuenit
326 332 364 376 ac
385 330 528 392 rursum,
552 331 625 376 cum
647 309 786 394 perfurit
808 309 891 375 aeris
915 309 1043 395 horror,

91 483 93 486 Ι
151 400 287 484 inspice,
311 420 408 484 quam
431 397 576 463 referant
598 399 694 464 terris
717 398 896 482 pelagoque
919 399 1069 482 quietem.

52 503 132 554 1735
152 489 237 552 inter
258 488 364 573 prima
385 491 494 552 tamen
519 509 657 571 paruum
680 507 835 572 praesepe
858 489 1001 571 notatur,
1178 506 1220 545 no

152 577 269 641 arduus
294 576 421 642 excelso
445 577 531 659 quod
555 597 671 641 cancer
694 576 823 642 cardine
847 575 961 642 uoluit.

150 665 226 749 hoc,
249 687 323 730 cum
346 668 515 730 concretus
538 666 667 730 tenuari
690 664 832 748 coeperit
855 685 922 747 aer,

151 753 283 822 discutit
305 753 468 836 inpositae
491 754 557 818 late
581 754 645 818 sibi
667 754 764 818 molis
789 753 952 817 amictum.

150 864 289 926 namque
313 841 480 906 sereniferi
503 846 594 926 patet
617 842 679 907 hoc
702 842 738 906 in
760 841 863 906 flabra
886 841 1047 926 aquilonis

52 947 132 997 1745
152 931 333 996 comminus
356 935 390 996 et
412 930 517 1014 primo
541 934 700 1016 purgatur
722 930 852 995 flamine
875 931 965 994 uenti
1178 949 1219 990 415

149 1021 306 1103 tempore.
351 1023 422 1084 tum
444 1021 612 1103 proprium
635 1020 821 1085 modulatur
842 1023 963 1084 noctua
986 1029 1128 1101 carmen,

149 1111 219 1172 tum
242 1108 465 1190 uespertinum
487 1108 597 1173 cornix
620 1109 780 1192 longaeua
801 1107 952 1190 resultat,

149 1202 220 1260 tum
244 1197 334 1262 corui
356 1197 518 1279 crepitant
540 1201 574 1262 et
596 1201 732 1264 ouantes
748 1199 889 1282 ¹gutture
911 1217 1007 1261 rauco

150 1285 283 1370 agmina
305 1286 418 1350 crebra
440 1289 575 1369 uocant,
597 1288 667 1351 tum
689 1289 769 1351 nota
792 1283 911 1351 cubilia
933 1285 1012 1350 laeti

52 1369 129 1440 1745
150 1374 326 1438 succedunt
348 1373 482 1458 pariter,
505 1379 576 1438 tum
597 1375 706 1458 pinnis
730 1396 866 1458 corpora
888 1374 1055 1458 plaudunt.
1176 1391 1219 1432 4²0

193 1461 284 1526 Tunc
308 1467 341 1526 et
364 1459 570 1546 Strymoniae
593 1463 854 1529 circumuolitare
877 1466 1009 1546 repente

148 1551 303 1634 suspicies
326 1571 384 1634 per
407 1555 521 1634 aperta
544 1572 653 1636 grues,
676 1551 732 1616 ubi
755 1551 866 1616 mitior
889 1573 992 1618 annus

148 1644 265 1723 sponte
288 1639 506 1722 procellosum
530 1639 692 1704 disiecerit
715 1661 791 1703 aera
814 1639 912 1706 caelo

146 1733 226 1793 tunc
247 1749 384 1812 quoque,
407 1749 479 1793 cum
494 1728 605 1808 stellis
627 1727 727 1792 hebes
752 1731 802 1792 est
824 1727 879 1792 lux
903 1728 1054 1794 omnibus
1078 1727 1163 1792 ultro

53 1833 127 1883 1755
146 1817 260 1881 nubila
281 1838 341 1882 nec
364 1838 492 1882 crassos
516 1815 754 1883 circumduxere
778 1820 916 1900 meatus,
1176 1833 1218 1874 425

147 1909 184 1970 ut
206 1905 301 1970 iubar
324 1905 508 1972 occulerent
529 1906 743 1990 flagrantibus
767 1905 865 1970 obuia
887 1905 1039 1990 flammis,

146 2015 207 2058 nec
230 1995 336 2078 caligo
359 1994 488 2059 inhibet
509 1995 675 2060 rutilantis
698 1994 868 2078 lampados
891 1993 991 2076 ignis,

148 2083 225 2148 orbe
247 2104 308 2146 neo
332 2083 458 2165 expleto
483 2105 575 2147 sacra
599 2076 707 2146 sidera
729 2082 807 2146 luna
829 2081 986 2165 retundit,

148 2172 203 2238 sed
227 2171 293 2236 iam
317 2174 433 2255 sponte
457 2193 516 2236 sua
539 2171 706 2235 stellarum
729 2171 853 2236 lumina
876 2174 1034 2236 marcent:
1118 2209 1119 2212 =

55 2277 128 2326 1755
148 2260 302 2326 conuenit
324 2259 480 2325 hibernae
502 2281 713 2344 praenoscere
737 2260 817 2325 dura
839 2260 1010 2344 procellae.
1179 2277 1219 2318 4³0

148 2349 264 2414 nubila
287 2348 315 2413 si
340 2350 429 2414 caelo
453 2349 643 2434 consistere,
665 2349 779 2414 nubila
801 2349 881 2414 ferri

148 2439 240 2522 sique
264 2437 454 2522 superfundi
477 2439 607 2504 sibimet
630 2438 813 2522 suspexeris
837 2440 937 2522 ultro,

146 2615 361 2628 .—....—......-.

224 2721 294 2772 1734
312 2717 437 2772 referant
454 2735 467 2772 e
485 2718 626 2772 refrenent
643 2718 671 2772 A
722 2722 791 2771 1735
810 2733 929 2786 paruum
947 2733 961 2770 5
978 2731 1097 2784 prauum
1115 2715 1143 2770 A
1156 2716 1165 2788 Η

149 2803 293 2913 555151155ρὲ
304 2803 321 2842 5
339 2791 505 2912 prapppgcta
522 2789 587 2870 Ac·
625 2792 692 2842 1737
711 2789 766 2870 hoc
784 2804 797 2842 c
815 2787 923 2912 baffi
962 2788 1031 2912 1338
1049 2785 1165 2869 moliso

148 2875 205 2998 IAN„
223 2875 360 3000 {agriam
377 2947 391 2984 c
408 2875 641 3010 pmgiriiiifflus
666 2860 818 2984 iiixiniiiiii
833 2928 860 2984 L
878 2874 985 2984 ‹iuitnisA
998 2875 1165 3000 lillpiropliiiiiii

148 3000 263 3056 Gratim
281 3001 397 3070 propior
415 3000 443 3055 A
461 3016 574 3070 propno
593 2999 620 3055 L
673 3017 700 3056 a.
721 3003 794 3056 1743
812 3016 861 3055 om.
880 3001 909 3053 A
960 3006 1028 3055 1743
1047 3002 1165 3056 ouantes

148 3072 175 3126 L
194 3071 339 3127 auantiae
399 3077 469 3126 1744
485 3073 547 3125 tum
565 3071 612 3125 Le
629 3071 676 3126 uel
694 3073 723 3126 A
778 3075 846 3126 1745
865 3069 958 3142 pinnis
976 3072 1003 3125 A
1021 3072 1120 3141 pennis
1138 3071 1166 3126 L

150 3149 219 3198 1746
243 3141 418 3212 Strymoniae
440 3143 490 3196 Le
514 3141 673 3212 Strymonia
694 3145 723 3198 A
796 3147 864 3197 1747
888 3143 986 3213 aperta
1006 3143 1035 3195 A
1056 3145 1119 3197 arta
1137 3142 1164 3196 L

150 3220 217 3270 1751
239 3214 398 3271 occulerent
416 3214 599 3284 flagrantibus
613 3215 641 3267 A
660 3215 806 3270 occurrent
823 3213 1011 3285 fraglantibus
1025 3213 1052 3267 L
1097 3218 1164 3269 1757

148 3284 433 3412 {testarent
450 3284 1045 3412 177575577555153171
1058 3285 1165 3412 Ata

148 3428 220 3482 dura
238 3428 266 3482 A
285 3427 366 3498 signa
384 3427 410 3482 L
483 3433 552 3482 1757
572 3429 727 3498 suspexeris
745 3426 798 3484 Lo
817 3426 972 3498 suspexerit
989 3411 1020 3482 A
1026 3443 1040 3482 c
