2578 3956
497 273 538 283 --
585 237 715 302 31..

17 365 20 496 i
96 379 277 463 transierit,
300 378 385 444 celso
409 378 476 444 late
500 399 533 442 se
557 375 686 443 cardine
708 378 824 463 pandit

97 471 310 551 auratumque
332 467 453 532 rubens
476 465 619 531 demittit
641 467 768 534 balteus
792 487 912 533 ensem.

139 553 231 620 Talis
255 557 379 640 etipse
402 555 509 620 uirum
534 555 665 639 gemine
688 556 729 620 ad
751 556 892 642 uestigia
914 559 1024 622 eustos

39 657 78 706 773
95 644 286 730 insequitur.
333 645 381 709 sia
402 643 603 728 flammigero
626 644 838 729 distinguitur
859 647 948 712 astro

97 732 262 798 aetheriae
283 732 392 797 nanis
414 733 470 797 ille
493 733 623 818 plagae,
646 733 698 798 eui
721 734 878 816 plurimus
902 731 998 798 ardor

97 824 226 886 aestuat
248 820 284 885 in
306 822 431 902 mento,
454 821 576 886 multas
597 821 700 886 rubor
721 821 829 886 inbuit
852 842 918 887 ora.

97 909 208 974 stridit
230 909 399 976 anhelanti
421 908 491 974 fane
513 909 663 994 pestifer,
686 929 761 974 aera
783 911 875 975 motu

96 1001 201 1062 torret
225 1001 259 1062 et
280 995 434 1062 inmodici
457 1001 562 1062 terras
585 997 695 1081 aequit
717 997 848 1082 ignibus
872 999 960 1063 astri.
1029 1053 1030 1056 ,

39 1085 150 1150 rethia
170 1087 283 1155 uarios
306 1086 399 1150 ardet
421 1086 524 1151 stellis
547 1085 758 1152 rutilantibus
783 1089 887 1169 artus,

97 1173 242 1238 sednon
266 1173 453 1239 estsimilis
477 1174 601 1239 ermetis
623 1174 730 1259 uigor,
753 1174 892 1258 undique
917 1175 1036 1260 quippe

96 1263 189 1327 aluus
215 1283 355 1326 coeanea
377 1266 440 1346 est,
463 1267 574 1328 menta
596 1263 707 1348 grauis
731 1261 835 1327 effluit
855 1262 966 1348 ardor,

96 1351 151 1434 qui
175 1349 350 1416 formidato
374 1351 434 1416 sub
457 1351 589 1416 nomine
607 1347 740 1416 Sirius
764 1350 911 1416 aethram

95 1439 168 1502 urit.
214 1437 289 1504 huia
311 1438 429 1504 rutilos
451 1439 479 1503 si
502 1436 559 1504 Sol
581 1438 755 1505 adtlexerit.
771 1451 860 1523 axes,

33 1537 77 1586 735
97 1529 237 1610 quantus
261 1526 463 1611 cerporibus,
487 1530 627 1612 quantus
649 1526 743 1592 labor
764 1526 901 1592 inminet
924 1529 1026 1613 agris!

96 1615 286 1680 mareebunt
308 1617 381 1680 sata
402 1618 517 1681 cunata
539 1615 607 1698 diu,
629 1626 778 1699 namque¹
792 1614 905 1700 indiga
928 1617 1010 1700 suni,

96 1703 123 1767 si
146 1725 210 1787 qua
233 1703 354 1787 iacent,
377 1703 495 1769 eadunt
516 1703 625 1768 ualido
649 1705 818 1786 penetrate
836 1703 950 1788 calori,

97 1812 134 1856 ae
158 1791 362 1858 desertorum
385 1791 588 1876 languebunt
611 1791 758 1878 germina
779 1791 904 1858 florum.

95 1879 153 1946 illa
176 1883 297 1962 autem,
318 1880 447 1946 interno
471 1899 553 1964 quae
576 1882 653 1945 sunt
675 1879 819 1944 animata
840 1881 967 1966 uigore,

32 1980 76 2030 743
95 1966 198 2032 Sirius
222 1967 352 2032 adtollit
373 1968 575 2052 blandusque
598 1968 753 2034 inlabitur
775 1969 892 2034 herhas

94 2053 197 2121 Sirius
222 2059 255 2120 et
277 2056 363 2121 dulei
386 2057 491 2122 nutrit
513 2057 677 2140 tepefacta
699 2077 820 2122 sereno.

93 2144 193 2228 huna,
217 2143 316 2229 huna,
339 2145 522 2210 flammanti
544 2165 617 2210 aum
639 2143 782 2228 primum
804 2143 913 2209 uibrat
936 2144 977 2209 ab
1002 2149 1090 2230 ortu,

94 2232 227 2297 auribus
256 2232 359 2317 adque
383 2234 491 2299 animo
516 2233 660 2317 (rapimur
683 2233 805 2316 procul.
850 2233 954 2298 altera
976 2233 1004 2299 si
1028 2253 1109 2319 quae

95 2320 261 2386 stellarum
284 2321 374 2387 fuluo
398 2323 548 2406 rutilant,
571 2343 659 2406 quse
675 2321 816 2405 plurima
838 2321 929 2407 longi
1002 2377 1005 2380 .

31 2421 75 2472 745
94 2409 191 2474 belua
213 2408 279 2474 fert
300 2411 426 2494 laturis,
448 2431 552 2494 neque
575 2411 680 2475 multa
701 2410 772 2476 luae
796 2411 966 2476 coruscant

94 2500 126 2562 et
147 2497 357 2582 designandis
380 2501 509 2563 tantum
533 2501 609 2564 sunt
631 2497 741 2564 addita
764 2499 928 2563 membris.

128 2583 1107 2672 Paruulusinstellislepusestquoque‚namqueubimagnus

94 2673 212 2740 emicat
235 2673 349 2760 Orion,
373 2675 503 2761 gemina
526 2675 566 2740 ad
589 2675 729 2759 uestigia
752 2673 863 2740 subter

165 2907 215 2957 722
239 2901 297 2958 late
315 2903 344 2959 A
366 2900 442 2958 latae
467 2901 494 2956 V
565 2905 615 2958 723
639 2899 765 2955 demittit
783 2899 932 2956 Schraderi
950 2905 1108 2956 commeata-

91 2973 152 3028 riaa
168 2971 293 3038 Berolia.
313 2971 433 3028 dimittit
452 2972 523 3029 VAe
569 3021 570 3024 ,
593 2989 621 3028 rr.
641 2975 698 3027 734
721 2971 882 3026 inscribitur
901 2969 1031 3026 SYRIVS
1057 2971 1109 3024 VA

93 3048 145 3100 728
164 3043 310 3099 anhelanti
335 3044 362 3097 V
376 3043 523 3118 anhelanti
540 3043 568 3098 A
622 3047 673 3096 732
693 3042 773 3096 aluus
791 3057 914 3098 33333333
932 3044 976 3096 est
994 3042 1108 3097 Grotius

92 3115 383 3171 31333333333333
408 3115 434 3168 V
450 3115 547 3170 313333
566 3129 673 3170 3333333
690 3113 732 3168 est
750 3113 778 3167 A
819 3112 965 3182 integris
990 3112 1017 3165 V
1048 3110 1106 3182 gria

93 3191 144 3244 737
159 3187 308 3254 penetrata
321 3187 349 3241 A
363 3186 493 3256 pentrata
513 3185 539 3238 V
574 3189 625 3240 739
639 3184 736 3254 uigore
752 3183 918 3248 VnitoreA
956 3187 1007 3240 740
1022 3129 1108 3236 dirius

92 3257 208 3314 Grotius
227 3255 257 3312 Si
275 3255 352 3326 prius
376 3255 428 3311 VA
441 3259 451 3326 {l
464 3257 639 3325 blandusque
660 3253 688 3309 V
703 3271 772 3310 corr.
791 3270 890 3310 33333333
909 3259 925 3310 1
943 3253 971 3308 A
985 3255 995 3322 ΙΙ
1008 3252 1109 3306 herbas

97 3329 124 3383 V
143 3329 163 3384 h
180 3327 249 3394 rhas.
269 3329 314 3382 A·
389 3333 439 3382 741
466 3325 556 3382 nutrit
578 3325 720 3396 tepefacta
742 3327 769 3380 A
793 3325 899 3382 nutrite
921 3340 956 3393 pe
979 3323 1056 3378 faeta
1084 3322 1110 3375 V

94 3404 145 3456 744
162 3345 241 3454 fuluo
265 3397 317 3454 VA
336 3399 371 3468 cf.
391 3397 504 3454 Hermes
524 3397 595 3452 XII
610 3414 640 3467 p.
661 3399 715 3452 155
732 3413 759 3462 u.
778 3401 816 3453 22
890 3399 942 3451 745
961 3395 1108 3450 coruscant

98 3470 125 3525 V
145 3486 294 3528 3333333333
313 3469 341 3524 A
395 3487 422 3526 u.
442 3473 499 3528 747
515 3469 678 3528 inscribitur
695 3467 812 3524 LEPVS
837 3464 889 3521 VA
