2578 3956
553 210 770 276 ..2ss-

155 352 200 418 sic
224 371 343 436 auceps
367 350 494 416 numeri
515 351 554 416 fit
575 351 687 415 fabula
710 371 829 434 sexque
851 372 910 435 per
932 352 1080 417 aethram

154 439 310 524 uergilias
334 439 423 504 cerni
445 441 537 506 tenet
559 461 654 522 usus,
675 438 732 512 sed
755 439 852 504 simul
875 442 979 506 omnis

155 531 303 594 artuuare
327 529 472 613 globum.
515 531 565 592 ter
587 527 621 592 iu
645 548 744 592 auras
763 527 903 612 angulus
927 530 993 594 exit
1135 577 1154 602 .

156 616 339 701 flammiger
361 621 394 681 at
416 616 527 682 mixtis
550 614 737 680 Atluutides
759 616 893 700 ignibus
915 618 1037 683 ardent.
1138 657 1146 674 ι

86 719 215 771 cosnec
237 708 350 770 tamen
372 708 424 769 est
443 704 552 770 famae
576 703 691 770 similis
713 704 821 789 uigor,
845 705 955 789 ampla
976 705 1104 773 sorores

155 793 267 858 fabula
289 792 458 877 nobilitat,
480 793 595 858 modus
619 793 693 857 ollis
715 813 831 876 parcus
853 797 889 858 et
910 793 997 880 ignis

156 883 211 947 uix
233 882 324 946 tenui
345 881 443 966 louge
465 881 537 948 face
557 882 598 946 fit
618 879 814 964 spectabilis
859 882 954 965 istas,

156 971 280 1036 alterno
304 969 440 1035 redeunt
462 989 534 1036 cum
557 970 636 1036 bina
658 969 846 1054 crepuscula
868 970 1002 1056 mundo,

157 1079 214 1123 seu
235 1080 301 1124 nox
324 1059 462 1124 astrales
484 1058 594 1124 adolet
617 1078 691 1122 cum
714 1057 843 1122 caerula
865 1058 1026 1144 flammas,

86 1163 137 1212 610
157 1169 214 1212 seu
236 1147 417 1212 matutinus
440 1169 512 1212 cum
536 1146 643 1212 sidera
666 1145 782 1211 disicit·
797 1150 924 1232 oricus
1021 1197 1025 1204 ·

156 1235 309 1301 conuolui
331 1236 422 1300 caelo
446 1256 589 1299 summae
611 1237 707 1318 pater
728 1235 844 1299 annuit
864 1235 1006 1303 aethrae.

156 1343 215 1387 uec
237 1323 344 1388 minua
367 1323 474 1387 arenti
497 1343 569 1388 cum
592 1323 681 1388 crine
704 1322 869 1388 attollitur
891 1327 997 1389 aestas

157 1413 287 1476 etcum
309 1432 391 1477 cana
413 1415 522 1476 comas
544 1409 630 1476 radit
652 1432 737 1477 anuo
761 1412 877 1476 bruma
898 1413 1030 1500 rigenti,

156 1502 304 1583 tempora
328 1499 507 1584 designant.
552 1519 629 1580 uam
652 1499 681 1564 si
704 1521 738 1564 se
762 1501 894 1586 gurgite
914 1502 1034 1568 tollimt

86 1603 138 1653 616
157 1588 327 1673 uergiliae,
350 1609 465 1654 cumas
488 1588 525 1652 iu
547 1588 633 1652 flaua
653 1587 787 1653 naumis
809 1587 910 1654 falces

157 1697 304 1743 exercere
327 1677 411 1760 dies3
434 1677 463 1741 si
484 1676 629 1742 condunt
651 1698 789 1761 aequore
812 1677 975 1760 flammas,

156 1765 307 1829 tellurem
330 1786 444 1849 presso
466 1756 671 1849 proscindere
694 1769 821 1848 tempus
844 1767 964 1832 aratro.
1044 1812 1046 1816 -

200 1851 263 1917 Est
284 1853 419 1936 chelys
441 1853 499 1918 illa
521 1853 651 1937 dehinc,
676 1856 788 1917 tenero
811 1874 909 1937 quam
933 1854 1011 1920 lusit
1032 1854 1068 1917 in
1091 1872 1174 1920 acuo

156 1939 347 2025 Mercurius,
371 1945 470 2007 curua
492 1941 633 2026 religans
657 1940 819 2008 testudine
843 1941 992 2027 chordas,
1141 1962 1143 1968 ·

86 2045 139 2095 cto
157 2033 194 2093 ut
215 2028 379 2095 Parnason
401 2052 521 2096 munus
543 2030 753 2096 memorabile
776 2029 909 2098 Phoebo
953 2066 958 2074 ·

157 2117 312 2182 formaret
333 2119 441 2184 uersis
466 2118 575 2203 opifex
598 2117 686 2184 daus
729 2117 814 2184 hanc
836 2119 894 2184 ubi
910 2119 1045 2184 'rursum
1150 2169 1154 2174 -

157 2211 333 2271 concentus
358 2208 465 2291 superi
488 2208 665 2291 compleuit
686 2207 821 2292 pulcher
844 2207 977 2292 Apollo

158 2291 288 2377 Orphea
309 2293 462 2380 Pangaeo
486 2295 595 2360 docuit
618 2297 746 2378 gestare
771 2296 831 2360 sub
856 2297 958 2362 antro.

156 2379 210 2446 hio
233 2382 300 2446 iam
323 2381 379 2448 fila
399 2403 518 2448 nouem
542 2382 636 2446 docte
659 2384 694 2448 in
716 2383 938 2448 modulamina
960 2383 1065 2448 mouit

87 2485 139 2536 625
156 2491 324 2536 musarum
347 2470 388 2534 ad
412 2471 551 2555 speciem
574 2491 667 2535 musa
691 2475 794 2554 satus,
817 2472 874 2536 ille
895 2471 1043 2558 repertor

158 2559 303 2624 carmina
325 2557 492 2626 Pleiadum
515 2577 650 2622 numero
675 2557 856 2624 deduxerat.
903 2563 938 2624 at
961 2581 1034 2626 cum

156 2645 248 2732 inpia
270 2645 481 2714 Bassaridum
505 2645 681 2732 carpsisset
703 2647 835 2714 dextera
858 2651 969 2720 uatem

229 2827 280 2876 601
296 2822 336 2876 sic
350 2780 452 2891 anceps
461 2821 489 2874 A
505 2819 664 2889 siceauceps
677 2819 705 2874 V
737 2826 789 2876 6θῖ
801 2821 834 2875 fit
849 2820 956 2875 VsltA
992 2789 1044 2875 606
1055 2821 1175 2875 astrales

157 2890 272 2946 &aaa
290 2893 427 2948 australes
446 2890 497 2947 VA
551 2895 604 2945 616
623 2890 719 2946 disicit
735 2893 844 2946 correxi
862 2891 971 2947 dissicit
989 2890 1016 2944 V
1028 2887 1133 2946 disiicit
1147 2893 1176 2944 A

158 2961 193 3028 cf.
213 2962 251 3016 ad
268 2979 295 3016 a.
315 2967 389 3019 1550
443 2968 496 3017 614
515 2961 708 3030 designantA
726 2961 885 3031 dissiguant
907 2961 933 3015 V
981 2966 1033 3018 616
1051 2959 1177 3016 infisus
1282 3007 1283 3014 ,

161 3031 189 3086 V
203 3031 300 3086 inflare
318 3034 346 3086 A
401 3039 453 3088 616
472 3047 633 3088 exerceres
651 3045 782 3102 exergerc
805 3032 831 3086 V
847 3048 963 3104 exegere
981 3033 1009 3087 A
1072 3049 1099 3086 a.
1119 3035 1177 3086 618

83 3133 95 3154 .
157 3103 321 3158 imoibitm
339 3101 439 3158 LVBA
463 3103 514 3156 VA
551 3109 603 3158 616
617 3103 771 3158 Mercurius
790 3101 959 3158 VMercurii
972 3103 1000 3157 A
1034 3107 1088 3158 626
1103 3103 1177 3156 Pau·
1214 3147 1219 3154 .

158 3189 229 3300 332⁰
243 3189 352 3327 W
366 3179 394 3297 i.
410 3178 714 3300 stillabit
735 3173 985 3315 titileia
1007 3177 1177 3326 subtil

159 3321 211 3370 626
234 3315 380 3370 Pleiadum
403 3329 520 3370 numero
542 3315 703 3371 deduxerat.
727 3316 759 3370 at
780 3331 844 3370 cum
870 3315 897 3368 V
910 3314 1015 3386 Apollo
1038 3314 1076 3368 du
1100 3315 1176 3384 (acl)

158 3386 341 3442 memorandis
364 3385 475 3442 duxerit
496 3401 592 3440 arcum
612 3386 641 3440 A
713 3391 764 3441 62⁷
787 3383 867 3455 inpia
890 3385 1068 3442 Bassaridum
1097 3383 1124 3438 V
1144 3385 1177 3438 Iu

159 3455 258 3523 quibus
278 3457 402 3514 saridum
419 3459 448 3511 A
