2578 3956
507 239 716 284 ...XI-

106 380 169 442 qua
204 358 269 424 alia
300 359 441 426 editione
473 361 651 427 recentiore
683 363 841 428 memoria
872 363 1007 448 dignum
1038 365 1120 430 mihi

105 447 211 512 uisum
225 451 304 532 erat,
317 450 469 534 uulgatae
484 450 631 516 leetionis
646 451 739 536 signo
755 447 802 537 (o)
816 451 939 518 notaui.
963 455 996 517 et
1009 474 1118 519 oruees

105 536 178 600 illas
193 537 311 602 oodieis
325 536 536 605 Ambrosiaui
551 539 748 604 omittendas
766 540 875 624 statui,
893 543 1119 626 praeterquam

106 624 190 709 quod
209 646 262 690 eas
282 627 419 710 exempli
437 649 535 694 eausa
553 650 584 694 u.
602 626 687 693 1099
707 631 740 692 et
761 628 846 694 1292
865 629 991 713 reliqui,
1014 639 1117 715 neque

105 735 155 798 ea,
182 735 264 798 quae
291 715 326 778 in
353 715 467 780 eodem
495 714 580 782 libro
608 717 693 781 inter
720 717 823 781 lineas
851 716 1007 783 adnotata
1035 722 1118 802 sunt,

104 823 237 886 prorsus
269 803 411 890 neglexi,
443 805 534 870 uelut
565 805 650 888 quod
680 829 710 872 u.
737 804 803 870 352
832 826 931 889 supra
960 810 1118 890 propter

104 891 258 992 seriptum
282 895 341 976 est,
363 892 421 994 ubi
442 893 471 957 ·i·
495 892 657 978 signifieat
679 893 717 957 id
740 897 799 958 est
816 892 869 977 (ef.
889 893 1118 980 Wattenbaoh,

102 979 454 1066 Anlertungz.late1n.
473 980 621 1066 Paltogr.
638 1004 670 1066 p.
684 980 751 1069 25).
787 1003 846 1048 111
865 983 1016 1048 omnibus
1035 982 1116 1050 loeis

52 1111 54 1113 -
102 1088 166 1134 una
198 1089 271 1132 eum
302 1068 496 1134 lectionibus
529 1070 718 1136 alibrariis
746 1071 827 1154 ipsis
857 1070 1034 1136 emendatis
1063 1093 1117 1138 eas
1214 1136 1219 1143 ,

102 1156 269 1240 adnotaui,
301 1179 381 1241 quas
409 1159 459 1223 illi
487 1162 585 1223 antea
612 1162 796 1243 posuerant.
845 1160 912 1224 iam
940 1160 1117 1243 scripturas

12 1301 16 1308 .
102 1245 267 1330 quasdam,
290 1267 371 1329 quas
395 1246 510 1312 leuiter
533 1250 676 1312 mutatas
698 1247 815 1331 reoepi,
838 1249 907 1312 sine
931 1248 998 1313 ullo
1022 1249 1116 1334 signo

100 1334 193 1398 unois
220 1333 364 1400 inclusas
392 1335 500 1400 addidi
528 1335 567 1401 of.
590 1358 620 1401 u.
645 1336 719 1401 128.
745 1337 808 1401 183
832 1336 920 1401 alibi.
966 1337 1052 1420 quod
1076 1336 1117 1402 ad

100 1444 151 1487 res
176 1422 445 1508 orthographieas
465 1424 591 1508 attinet,
615 1423 765 1490 omnibus
783 1424 873 1504 loeis,
891 1426 929 1490 ut
947 1428 1043 1490 antea
1062 1423 1116 1509 (of.

99 1531 207 1596 progr.
228 1509 297 1575 Eri.
320 1534 352 1595 p.
371 1509 478 1598 VIII),
501 1513 701 1578 sollertem
725 1516 758 1577 et
781 1512 903 1596 adque
927 1513 1056 1596 scripsi3
1080 1513 1116 1578 11

101 1599 215 1664 ueteris
245 1600 355 1684 rebus,
387 1600 444 1666 ubi
472 1605 561 1665 eerta
588 1601 672 1665 ratio
698 1598 834 1684 reperiri
860 1622 927 1666 non
955 1604 1117 1686 potuerat,

99 1687 353 1752 inconstantiam
386 1691 419 1753 et
453 1689 718 1754 consuetudinem
747 1688 824 1754 libri
851 1687 1115 1755 Vindobonensis

99 1779 228 1842 secutus
257 1798 337 1842 sum.
382 1799 458 1843 eum
480 1799 558 1843 uero
581 1777 793 1862 grauissimas
816 1779 946 1842 tanturn
970 1777 1115 1845 oodieum

98 1864 253 1930 lectiones
268 1865 381 1930 afferre
397 1866 577 1951 statuerim,
591 1867 625 1930 11
639 1865 749 1932 oodiee
762 1865 980 1931 Ambrosiano
994 1866 1115 1931 flama

98 1957 132 2019 et
161 1953 344 2038 flamiger
372 1955 532 2038 seriptum
558 1976 626 2020 esse
654 1954 717 2020 hoo
743 1954 815 2020 loeo
843 1955 1006 2020 monuisse
1034 1955 1114 2020 satis

98 2044 157 2108 est.
194 2042 291 2106 etiam
315 2043 389 2107 inde
413 2065 433 2106 a
454 2065 485 2106 u.
511 2042 595 2110 1581
619 2064 679 2127 pro
704 2042 810 2107 suooi
832 2043 1005 2128 genitrix
1028 2042 1115 2107 simi·

96 2130 182 2196 libus
200 2131 319 2196 tacitus
338 2131 434 2214 posui
453 2131 535 2196 suoi
554 2131 732 2214 genetrix
750 2130 824 2196 alia.
860 2129 984 2196 inuitus
1003 2134 1114 2198 tamen

97 2219 195 2284 omisi
217 2218 313 2285 haee:

188 2307 251 2372 139
275 2307 396 2372 eisoum
419 2307 501 2373 flexo
519 2307 553 2372 A
589 2307 655 2374 213
672 2307 881 2391 Neptunique
899 2307 932 2372 A
973 2307 1039 2374 510
1057 2311 1114 2374 aut

101 2395 133 2460 V
157 2395 244 2461 haud
273 2396 307 2461 A
373 2397 438 2462 826
472 2396 595 2480 piscem
625 2398 758 2462 11111111
789 2395 821 2460 V
881 2397 945 2462 843
979 2398 1113 2462 111111111-
1251 2442 1253 2445 -

94 2485 263 2550 uoluultur
296 2485 327 2551 V
367 2472 436 2550 '909
464 2506 505 2550 11
534 2507 614 2570 quas
642 2485 675 2550 A
720 2484 786 2551 915
814 2484 938 2548 eaelula
971 2484 1002 2550 V
1046 2485 1110 2550 941

94 2577 153 2638 aut
181 2573 212 2639 V
253 2573 318 2638 916
342 2573 444 2640 eredit
473 2573 504 2638 V
545 2573 631 2639 1093
654 2583 791 2638 tonsore
814 2573 848 2636 A
895 2571 1113 2646 1106111111-

92 2665 147 2726 tus
171 2662 204 2727 A
252 2662 501 2729 1123111111111
523 2664 564 2727 A

185 2747 248 2814 Sed
276 2772 339 2836 quo
367 2750 495 2816 faeilius
522 2753 647 2834 pateat,
675 2752 796 2833 quanta
822 2747 1002 2814 intercedat
1024 2747 1112 2834 diffe7

92 2839 200 2904 111111
225 2839 312 2903 inter
334 2838 486 2923 uulgatus
509 2839 664 2904 lectiones
688 2841 722 2902 et
744 2839 887 2920 nostras,
914 2835 974 2902 has
997 2837 1113 2920 quauis

91 2948 201 2992 rerum
223 2926 551 3013 orthographiearum
569 2925 770 2991 dissensione
788 2925 937 3009 neglecta
955 2946 1029 2992 eum
1047 2925 1112 2990 edi·

90 3016 193 3098 tione,
216 3036 313 3098 quam
331 3013 367 3079 F.
386 3013 421 3080 0.
440 3013 599 3080 Matthiae
617 3013 756 3098 parauit,
778 3013 826 3079 ita
848 3014 1052 3098 contulimus,
1074 3017 1112 3078 ut

91 3104 288 3170 lectionibus
316 3103 403 3168 illius
431 3107 559 3170 nostras
584 3102 783 3170 adderemus.
829 3106 905 3168 sunt
927 3103 1013 3168 enim
1035 3102 1110 3167 hae:

185 3193 202 3257 l
227 3192 398 3276 inceptor!
419 3192 567 3258 incentor
607 3192 628 3256 2
653 3193 813 3258 excelsam
834 3199 838 3268 Ι
859 3195 892 3256 et
910 3193 1028 3258 celsam
1069 3190 1110 3254 13

90 3281 206 3346 mundi
219 3281 393 3366 primigeni
414 3279 418 3364 Ι
439 3281 557 3346 mentis
571 3280 770 3366 primigenae
810 3279 851 3346 15
865 3280 979 3346 foedus
1000 3285 1004 3358 Ι
1024 3278 1111 3345 fetus

92 3371 134 3434 11
152 3391 337 3455 supremum
353 3367 357 3457 Ι
375 3368 551 3436 seeundum
595 3370 639 3434 20
657 3372 748 3435 11111
763 3365 767 3455 Ι
784 3371 896 3434 arator
941 3369 982 3434 21
997 3369 1112 3451 pastor

89 3479 183 3524 saeer
198 3455 202 3545 l
218 3458 323 3526 faetus
337 3462 431 3543 pater
471 3459 515 3524 22
528 3458 710 3543 perrumpit
726 3453 730 3543 1
746 3456 894 3543 perrupit
934 3457 977 3522 21
993 3459 1087 3541 pater
1104 3452 1109 3541 Ι
