2578 3956
153 383 191 428 eo
229 361 313 426 libro
350 362 532 447 complures
567 361 631 426 loci
664 361 808 444 corrupti
841 362 988 428 crucibus
1020 361 1168 448 insigniti
1284 355 1285 368 ²

153 453 244 533 sunt3
279 471 374 534 saepe
402 450 501 515 etiam
529 450 565 514 in
592 449 737 536 margine
765 450 923 535 quaedam
951 454 1066 517 661616
1094 453 1169 518 sunt

152 538 244 604 66161
266 538 308 605 ad
330 561 361 604 u.
386 539 465 604 70οε
490 537 642 622 delphis
665 560 742 603 non
765 538 931 624 delphin.

109 637 137 692 L
247 626 296 693 Ac
333 648 374 692 ne
407 627 484 692 11166
516 626 646 712 quidem
677 649 790 692 uersus
822 628 940 694 Auiani
975 629 1169 712 perlustrare

153 715 283 802 neglexi
307 716 362 800 qui
385 716 596 780 inueniuntur
617 716 651 780 in
675 713 858 782 Germanici
881 716 990 782 codice
1010 715 1169 798 Leidensi,

153 804 209 889 qui
237 803 387 890 signatur
412 802 594 870 Vossianus
617 803 755 870 Latinus
779 803 816 880 0.
841 804 896 890 79,
924 806 963 871 61.
987 803 1170 870 Germanici

153 893 277 958 Aratea
299 914 330 975 p.
353 890 419 957 VII
442 896 476 957 61
497 913 606 976 progr.
629 891 698 958 urf.
721 915 752 976 p.
776 891 851 959 Vll.
1285 901 1286 964 ξ

61 992 72 1002 ·
173 1037 175 1040 .
243 980 288 1046 Et
311 978 454 1045 Gadium
479 981 555 1046 libri
583 978 926 1065 Guelferbytanorum‚
954 981 1008 1067 qui
1036 983 1086 1046 661
1111 1002 1169 1046 nu·
1285 983 1286 1010 ³

153 1069 342 1243 mero)132,
366 1069 612 1153 inscriptionem
637 1069 733 1135 attuli
755 1067 810 1156 (61.
828 1069 965 1136 Hermes
983 1068 1031 1134 XI
1053 1093 1085 1154 p.
1104 1069 1168 1134 251
1285 1069 1286 1098 ³

152 1180 183 1224 6
210 1158 276 1222 11.

122 1273 136 1311 6
243 1245 295 1310 Ex
318 1245 517 1312 editionibus
537 1246 675 1330 quidem,
698 1267 778 1330 quas
796 1245 863 1314 fere
882 1267 993 1311 omnes
1012 1246 1170 1329 inspicere

154 1334 236 1400 mihi
258 1333 359 1417 licuit,
383 1355 430 1415 66,
454 1356 552 1417 quam
575 1335 714 1418 primam
738 1319 896 1419 Georgius
919 1333 1018 1400 Valla
1040 1333 1171 1400 Placen·

153 1423 242 1488 tinus
262 1443 349 1486 anno
368 1417 719 1489 MOOOOLXXXVIII
737 1421 884 1488 Venetiis
903 1424 1042 1508 parauit,
1064 1423 1172 1488 media
1286 1429 1287 1484 ἶ

154 1514 205 1576 661
227 1511 314 1576 inter
336 1509 461 1576 codices
485 1514 518 1576 61
540 1511 682 1595 reliquos
705 1511 806 1576 libros
825 1512 914 1596 typis
934 1533 1112 1596 expressos,
1133 1514 1172 1575 ut
1286 1513 1287 1528 ¹

154 1600 230 1665 libri
252 1621 353 1664 mauu
376 1599 488 1683 scripti
509 1600 576 1665 fere
592 1601 696 1666 instar
715 1601 765 1665 sit
803 1601 924 1666 etenim
941 1601 977 1665 in
996 1622 1034 1665 66
1053 1597 1172 1664 Auiani
1256 1601 1263 1606 ’

155 1689 357 1772 aliorumque
379 1689 540 1774 poematis
563 1688 766 1773 praescripta
789 1692 865 1754 6661
886 1688 982 1754 haec:

154 1809 208 1864 Hic
227 1807 316 1863 codex
334 1807 440 1864 auienii
459 1807 566 1864 obtinet
584 1808 738 1877 epigrdma.
775 1807 868 1864 616111
888 1809 961 1862 arati
978 1809 1137 1878 6116666166-

155 1894 194 1934 66
216 1879 389 1950 geographia
413 1878 536 1933 carmine
558 1877 685 1935 heroico:
710 1879 732 1932 16
751 1894 812 1934 oras
830 1878 985 1934 maritimas
1008 1879 1137 1936 trimetro

156 2019 794 2077 w„
924 1949 1138 2022 rur

244 2129 284 2194 In
312 2128 443 2214 quibus,
470 2128 535 2194 nisi
558 2128 669 2194 omnia
692 2149 743 2192 me
765 2127 898 2211 fallunt,
926 2128 1100 2211 conspicua
1125 2133 1175 2197 est

154 2218 277 2284 uetusti
304 2216 497 2299 exemplaris
523 2216 656 2301 effigies.
702 2215 879 2300 Georgium
903 2219 1012 2280 autem
1034 2214 1174 2302 Vallam,

155 2307 188 2372 id
212 2304 299 2392 quod
321 2305 445 2389 primus
469 2303 552 2369 uidit
568 2303 744 2368 Mauricius
762 2303 877 2388 Haupt
896 2301 951 2388 (cf.
968 2304 1106 2370 Hermes
1125 2305 1173 2372 IV

155 2418 185 2480 p.
209 2389 306 2480 331),
334 2414 372 2458 66
400 2413 482 2477 quae
510 2394 604 2457 uetus
632 2392 797 2476 exemplar
819 2393 850 2456 61
872 2392 1068 2476 praebuerat
1091 2394 1171 2460 satis

156 2484 306 2548 accurate
328 2479 509 2566 repetiisse,
534 2481 608 2564 ipsa
630 2480 864 2564 scripturarum
885 2484 1003 2546 natura
1026 2502 1172 2567 compro·

155 2572 261 2637 batur.
306 2571 374 2636 iam
396 2569 476 2635 haec
499 2567 599 2634 editio
622 2569 706 2633 inter
730 2590 842 2635 omncs
865 2590 904 2635 eo
928 2568 1064 2652 excellit,
1087 2570 1175 2655 quod

156 2660 279 2726 Aratea
314 2659 452 2744 praebet
482 2658 578 2742 plena
608 2678 713 2740 neque
747 2657 848 2724 ullum
880 2679 1011 2724 uersum
1043 2659 1175 2726 omittit.

157 2771 221 2833 quo
244 2747 367 2812 factum
390 2750 450 2829 661,
471 2749 509 2810 61
532 2767 571 2810 ex
594 2745 744 2810 omnibus
768 2767 834 2811 una
851 2769 881 2810 u
902 2746 988 2812 1479
1008 2749 1173 2814 seruatum

155 2835 307 2901 traderet.
356 2856 461 2919 neque
493 2855 532 2900 eo
563 2835 663 2900 setius
690 2838 818 2918 praeter
844 2834 928 2899 alios
955 2856 1068 2901 uersus
1097 2839 1175 2900 aunt

157 2922 265 2989 mutili
288 2923 364 3007 270,
387 2924 463 3008 570,
488 2922 573 2989 1079
598 2926 631 2988 61
653 2945 683 2986 u
708 2923 773 3002 675
795 2922 972 3007 requiritur
994 2943 1138 2990 caesura.

3 3077 4 3096 ¹
246 3009 345 3074 Haud
366 3011 414 3076 ita
437 3012 542 3077 multo
565 3015 640 3095 post
663 3033 749 3076 anno
772 3009 856 3076 ΜΠ)
879 3009 985 3077 Aldus
1012 3011 1174 3078 Manutius

3 3099 4 3110 ’
61 3114 74 3131 ‘
157 3099 324 3165 Romanus
347 3097 443 3163 Arati
465 3099 692 3184 phaenomena
713 3098 820 3166 ε116116
840 3097 937 3164 Festo
956 3098 1096 3180 Auianio
1118 3123 1175 3185 pa·

156 3185 336 3273 rapbralto’
359 3209 425 3253 una
448 3208 521 3252 cum
538 3185 613 3252 Iulii
631 3186 763 3253 Firmici
781 3188 1018 3256 astronomicis
1040 3188 1176 3273 aliisque

157 3277 261 3362 libris,
284 3276 340 3362 qui
363 3277 404 3340 ad
425 3275 639 3362 astrologiam
657 3276 830 3361 pertinent,
852 3275 999 3344 Venetiis
1018 3279 1054 3342 in
1071 3278 1177 3344 lucem

158 3365 267 3432 edidit
313 3387 378 3450 quo
403 3365 488 3431 libro
513 3384 626 3430 omnes
649 3385 762 3430 uersus
784 3369 914 3449 praeter
935 3387 966 3430 u.
991 3366 1077 3432 1479
1101 3387 1177 3432 oon·

129 3476 133 3485 ’
157 3454 311 3522 tinentur.
347 3455 382 3520 in
404 3454 518 3521 codam
542 3456 619 3518 sunt
639 3453 746 3519 mutili
770 3475 800 3521 u.
823 3454 902 3538 270,
925 3453 1005 3539 570,
1030 3453 1116 3520 1079
1144 3456 1178 3519 61
