2578 3956
555 209 775 274 ..32..

160 356 316 438 urguetur
339 372 435 416 cursu
456 349 547 414 rutili
570 350 670 414 canis.
714 349 768 413 ille
791 369 849 434 per
872 350 1018 414 aethram

91 458 142 507 750
162 441 275 526 effugit
297 440 487 520 instantem,
510 438 629 521 premit
652 441 761 502 autem
784 436 886 503 Sirius
910 460 974 505 ore.

163 530 302 594 auritum
325 527 438 612 primis
462 525 584 592 emittit
606 545 724 611 gurges
749 527 790 592 ab
813 527 922 610 undis,

161 617 217 681 ille
241 617 351 682 minax
373 615 527 700 pauidum
550 637 647 699 super
670 613 776 680 editur
797 619 832 679 et
854 616 967 698 procul
990 615 1094 701 idem,

161 727 235 771 cum
257 708 348 789 lepus
373 703 539 770 occiduum
566 723 635 768 sese
657 703 828 768 inclinauit
849 705 885 767 in
909 725 1042 788 aequor,

161 815 251 860 more
273 794 473 858 latebrarum
496 796 643 876 repetens
665 792 763 875 freta,
788 790 888 856 Sirius
913 793 979 857 alto

92 898 143 948 rac
163 881 275 947 defluit
297 882 339 947 ab
363 881 453 947 caelo
476 901 680 964 mersumque
703 900 761 964 per
784 880 894 945 umida
916 881 1051 965 quaerit.

206 969 347 1054 Magnus
369 969 534 1035 Iasonium
557 969 660 1034 cauda
681 967 771 1033 canis
795 967 938 1033 extrahit
960 967 1064 1053 Argo

162 1080 270 1143 puppe
292 1059 518 1142 refulgentem.
563 1078 668 1142 neque
692 1057 777 1122 enim
802 1078 836 1122 se
859 1057 1014 1122 Thessala
1037 1057 1161 1123 cumba

164 1147 306 1211 solemne
328 1147 363 1210 in
385 1145 502 1212 faeiem
524 1149 632 1210 rostro
656 1149 774 1210 mouet.
819 1144 940 1210 extima
961 1146 1082 1228 puppis

93 1340 144 1390 200
163 1234 669 1388 {uulunle‘lfflflullluili
690 1233 864 1386 titul
886 1237 1018 1386 titt

164 1343 1015 1564 turbulentare

164 1586 229 1652 iam
253 1587 405 1653 defimcta
427 1587 497 1652 uias
520 1587 633 1671 procul
656 1586 713 1651 imi
736 1586 842 1652 litoris
865 1587 958 1673 algas
985 1593 989 1617 ¹

164 1697 248 1760 pone
273 1676 362 1741 subit
384 1679 567 1758 terramque
589 1678 706 1739 tenens
729 1695 843 1740 secura
865 1675 1009 1760 quiescit.

94 1779 144 1830 765
165 1764 211 1827 sic
234 1764 323 1849 Argo
348 1764 480 1828 rutilam
504 1766 632 1827 tantum
655 1763 741 1828 inter
764 1763 871 1829 sidera
892 1763 1027 1847 puppim

164 1851 253 1916 ducit
277 1856 309 1916 et
332 1851 475 1918 occultat
497 1850 603 1935 rigido
626 1855 721 1916 tenus
745 1853 849 1917 altera
872 1853 967 1917 malo.

165 1943 281 2024 sponte
303 1939 534 2024 gubernaclum
557 1940 675 2022 puppis
699 1939 841 2006 demittit
863 1940 898 2005 in
921 1940 1022 2005 undas

165 2029 281 2093 celsior
303 2051 341 2095 ac
363 2050 470 2093 merso
493 2028 660 2094 deseendit
682 2029 718 2092 in
741 2049 882 2115 aequora
905 2029 1008 2094 clauo.

210 2116 396 2182 Distantem
419 2117 657 2182 Andromedam
679 2117 798 2219 prolixi
820 2117 951 2182 tramite
974 2116 1087 2181 mundi

95 2223 127 2296 ⁷⁷
129 2221 145 2270 ⁰
164 2205 789 2358 littllfflutttl‘tlt
790 2205 1054 2377 tuella,

166 2381 264 2446 belua
287 2380 357 2445 dira
379 2383 458 2445 noto
481 2381 625 2464 uehitur,
647 2382 749 2447 trahit
773 2385 881 2447 auster
903 2382 938 2447 in
961 2385 1074 2446 areton

166 2497 211 2504 ι...-

239 2542 290 2591 749
317 2538 453 2608 urguetur
481 2535 507 2588 V
531 2537 648 2604 urgetur
671 2537 698 2588 A
721 2537 860 2606 Vergetur
882 2537 910 2590 L
935 2539 945 2607 ss
972 2538 1100 2592 aethram
1130 2538 1184 2592 VA

167 2608 265 2663 aethra
288 2608 406 2662 correxit
425 2607 451 2660 L
525 2611 576 2660 750
598 2605 696 2676 effugit
720 2605 772 2662 VA
791 2607 921 2662 Voluitur
939 2607 965 2660 L
983 2609 993 2677 l
1010 2611 1105 2662 autem
1129 2609 1184 2662 VA

166 2679 250 2746 igneo
274 2678 301 2732 L
323 2679 358 2744 cf.
379 2678 492 2732 Hennae
512 2677 607 2730 XIII
623 2693 654 2746 p.
674 2681 729 2733 359
752 2696 779 2733 n.
799 2683 836 2734 38
909 2683 960 2733 ree
985 2696 1068 2748 super
1090 2679 1185 2734 editur

172 2748 223 2803 VA
243 2751 277 2816 of.
297 2749 410 2803 Hamae
430 2747 518 2801 XIII
528 2765 558 2820 p.
579 2753 635 2803 365
652 2763 680 2802 a.
700 2753 735 2804 49
785 2767 813 2804 a.
833 2754 888 2805 756
904 2751 1068 2804 maritetur
1081 2749 1183 2804 Anco

172 2817 224 2870 VA
297 2824 347 2873 767
373 2820 474 2874 cumba
496 2819 525 2871 V
543 2825 672 2873 manuel
692 2820 719 2873 A
738 2820 839 2888 cymba
861 2822 980 2875 oorremt
1000 2825 1136 2876 monum
1156 2823 1184 2875 A

168 2891 219 2942 768
239 2889 362 2944 solemne
382 2889 434 2942 VA
453 2890 560 2944 solenni
577 2892 722 2959 oltrostro
735 2891 870 2945 Hcosias
883 2892 960 2945 ostro
978 2890 1031 2945 VA
1075 2895 1123 2945 761
1140 2891 1183 2944 in-

168 2973 254 3012 curua
272 2960 299 3012 A
322 2960 352 3012 in
375 2975 460 3014 curua
484 2960 510 3013 V
530 2962 539 3029 ΙΙ
561 2962 676 3015 remulsi
696 2962 797 3028 accipet
814 2963 849 3028 cf.
869 2961 983 3016 Hermes
1003 2960 1066 3015 XV
1076 2978 1106 3031 p.
1127 2965 1184 3016 184
1281 2963 1282 2993 l

167 3045 196 3082 a.
216 3033 251 3083 55
270 3030 392 3085 remulco
417 3031 488 3085 VAe
533 3037 584 3085 764
603 3031 724 3100 quiescit
748 3031 774 3084 V
790 3033 917 3102 quiescet
935 3035 963 3086 A
1000 3037 1051 3087 765
1071 3034 1184 3086 tantum

167 3098 232 3167 (cn)
251 3115 265 3152 e
282 3100 392 3154 tantam
412 3101 464 3154 VA
476 3103 486 3170 ΙΙ
504 3103 620 3170 puppim
636 3105 664 3156 A
682 3103 753 3174 pupi
774 3103 801 3156 V
852 3109 903 3158 766
922 3103 1001 3159 ducit
1019 3106 1049 3158 et
1061 3103 1185 3158 Baebiana

168 3170 281 3225 ducitur
304 3169 356 3224 VA
413 3177 464 3226 767
484 3171 684 3240 gubernaclum
703 3175 730 3228 A
749 3175 968 3243 gubernaculum
993 3173 1040 3244 Vl
1058 3173 1186 3229 demittit

168 3241 316 3296 Setantioi
334 3245 542 3298 commentarius
555 3243 678 3298 Berola'a.
699 3245 819 3299 dimittit
838 3245 889 3299 VA
961 3263 988 3300 a.
1009 3249 1063 3301 769
1084 3247 1185 3310 inscri-

169 3313 243 3367 aaa
261 3309 376 3367 ceros
401 3311 428 3366 V
444 3314 521 3368 caus
539 3314 568 3366 A
640 3320 691 3369 uc
710 3317 786 3371 oecos
807 3317 834 3370 A
853 3320 929 3372 eoos
953 3315 1137 3384 ulnarum
1157 3318 1184 3371 A
1280 3299 1281 3341 l

168 3381 270 3438 Troicii
295 3383 321 3437 V
369 3389 419 3440 771
439 3385 541 3439 boreae
560 3385 588 3439 A
605 3386 708 3458 boreae
733 3386 784 3456 Vl
802 3387 885 3442 cardo
910 3387 937 3440 V
952 3386 1037 3441 cerda
1054 3388 1083 3441 A
1132 3391 1185 3442 777

169 3455 263 3508 auster
280 3455 310 3507 in
329 3458 426 3511 arcton
445 3455 560 3511 Grotius
578 3457 682 3512 austeri
701 3460 783 3512 nerto
805 3458 832 3511 V
847 3460 946 3544 auster
958 3457 989 3512 in
1007 3459 1069 3513 orto
1088 3458 1117 3512 A
