2578 3956
503 233 719 296 ..29-

98 373 187 458 ignis
210 370 383 454 mundani,
406 394 479 438 eum
502 372 570 438 tela
592 377 737 440 extrema
759 379 942 460 coquuntur

99 481 238 544 cumque
262 459 483 544 sagittiferi
506 465 608 527 torret
630 485 734 546 uapor
756 484 872 528 aureus
895 485 999 530 mous.

99 553 173 614 tum
195 569 326 632 quoque
350 548 378 612 si
401 549 527 632 piceam
551 552 708 634 spectaris
732 571 863 637 surgere
885 556 1030 635 nostem,

99 637 277 702 informem
300 637 414 702 taetris
437 638 587 703 tellurem
609 642 648 704 ut
669 640 790 705 uestiat
812 640 888 723 slis,

38 741 82 792 665
101 727 182 790 litus
206 746 294 808 ama,
318 725 433 791 sollers
456 724 534 810 fuge
556 728 685 793 eeemla
706 728 851 814 tegmine
874 728 980 794 noetis

101 814 300 896 exitiumque
324 813 386 878 sali
408 813 575 898 rabidique
597 816 741 899 pericula
762 817 856 900 ponti

101 901 269 983 anteueni,
292 901 358 966 iam
383 903 473 968 solve
495 924 619 969 memor
640 923 726 988 uaga
749 906 884 972 sarbara
907 904 1009 988 melo,

100 991 168 1055 iam
191 989 392 1074 prolixarum
415 990 522 1056 iaeeat
543 993 633 1075 rigor
658 996 881 1059 antennarum.

101 1078 225 1143 mensis
249 1080 284 1141 at
305 1077 441 1144 infausti
464 1079 517 1143 uel
539 1079 611 1146 duri
634 1081 749 1146 sideris
772 1081 868 1146 iudex

37 1184 83 1232 666
103 1165 254 1249 scorpius
277 1166 425 1232 exoriens
449 1167 493 1232 sit
515 1171 662 1254 tempore
684 1169 792 1235 noetis
816 1168 955 1234 adultae:

100 1257 156 1319 hie
180 1254 343 1318 matutino
366 1255 500 1322 ueniens
523 1258 634 1339 proeul
656 1279 797 1342 aequore
819 1259 921 1322 telum

102 1341 208 1427 exigit
232 1364 249 1406 e
272 1343 403 1427 pelago,
425 1343 527 1410 telum
550 1344 654 1410 trahit
676 1347 791 1412 ultima
814 1345 926 1412 cauda.

103 1431 396 1515 cunctatur'pigro
419 1435 496 1515 post
517 1436 645 1518 tergum
669 1434 771 1498 sidere
793 1435 883 1500 iuxta

105 1519 314 1604 arquitenens
337 1519 450 1584 tardos
474 1523 506 1584 et
529 1521 658 1605 gurgite
681 1522 800 1586 liberat
822 1527 920 1588 artus.

37 1625 83 1672 666
104 1612 176 1672 tum
200 1605 372 1690 Cynosura
395 1606 492 1673 etiam
516 1613 662 1674 maturae
685 1609 721 1674 in
742 1613 888 1693 tempore
912 1609 1018 1676 noetis

105 1695 204 1760 altius
226 1694 261 1758 iu
284 1695 407 1760 borean
430 1698 625 1780 sustollitur,
648 1697 778 1762 abditur
802 1701 910 1762 autem

106 1783 212 1862 Orion
233 1782 389 1848 redeunte
412 1783 476 1867 die,
499 1789 569 1850 tum
592 1784 726 1850 brachia
749 1785 899 1870 Cepheus

105 1873 339 1956 protentasque
362 1893 478 1937 manus
501 1873 704 1958 mediamque
727 1874 934 1960 immergitur
957 1874 1076 1940 aluum.

153 1959 240 2036 Quin
261 1963 382 2024 norunt
405 1960 501 2024 aliam
526 1983 677 2046 superum
701 1983 846 2028 oonuexa
869 1963 1064 2047 sagittam.

38 2066 86 2115 seo
106 2048 164 2112 sed
186 2051 297 2112 tamen
320 2047 400 2114 haee
425 2069 501 2115 areu
523 2051 621 2115 tereti
643 2055 732 2116 earet
754 2051 856 2116 insola
877 2050 984 2127 nerui,

104 2135 210 2201 insuia
232 2157 310 2200 nam
334 2135 455 2202 domini
479 2141 537 2202 eat
582 2139 683 2203 telum
707 2159 804 2221 super
826 2137 959 2204 aduolat
982 2139 1064 2222 ales,

106 2225 175 2288 ales
199 2224 284 2306 olor,
308 2223 364 2290 sed
387 2223 538 2292 Threicio
562 2226 780 2292 conterminus
804 2226 857 2290 exi

105 2332 188 2376 cana
211 2312 382 2395 pruinosas
407 2313 550 2378 extendit
572 2315 657 2380 oolla
680 2315 740 2380 sub
764 2318 880 2382 aretos.

150 2399 332 2484 Armiger
354 2399 439 2465 hane
462 2401 560 2466 etiam
583 2403 691 2468 Iouis
715 2404 862 2485 aduolat,
890 2404 1012 2469 arbiter
1034 2405 1120 2488 ignis

36 2506 85 2555 696
106 2487 254 2570 aetherii,
278 2489 334 2552 sed
358 2489 503 2554 membra
526 2491 640 2555 minor.
685 2492 798 2575 procul
821 2492 874 2556 hio
897 2494 1006 2554 tamen
1030 2492 1097 2556 alto

104 2598 179 2642 oum
201 2576 288 2640 redit
311 2599 331 2639 a
352 2577 470 2662 pelago
495 2581 528 2641 et
549 2582 659 2643 mouet
682 2581 718 2644 in
741 2599 886 2644 connexa
909 2577 1052 2642 uolatum

104 2663 170 2729 fine
193 2664 399 2730 tenebrarum
424 2687 630 2752 summaeque
653 2666 688 2732 in
710 2667 858 2752 margine
880 2665 1002 2749 noetis,

104 2774 295 2837 spumosum
317 2754 383 2820 late
406 2775 495 2818 mare
518 2755 658 2838 subruit3
683 2755 793 2820 omnia
816 2753 911 2837 oaeli,

176 2933 229 2981 661
248 2927 308 2982 tela
321 2925 349 2980 A
367 2926 437 2981 itala
454 2926 501 2997 Vl!
514 2929 671 2996 sequuntur
685 2928 712 2981 A
730 2925 868 2997 coquntur
887 2925 914 2980 V
953 2931 1005 2982 666
1025 2927 1122 2983 sollers

217 3000 232 3039 b
323 3011 337 3040 a

103 3051 173 3121 fuge
192 3050 269 3121 (fuge
288 3051 397 3119 sollers)
416 3051 444 3105 A
462 3051 576 3107 Grotius
593 3051 659 3121 fuge
679 3051 766 3107 solers
791 3050 818 3105 V
869 3057 921 3107 667
941 3051 1073 3108 anteueni
1097 3051 1124 3106 V

103 3123 179 3176 Ante
197 3120 264 3176 uani
281 3123 310 3176 A
378 3127 430 3178 668
450 3124 634 3178 antennarum
652 3123 680 3176 A
699 3124 875 3178 amtenarnm
900 3122 926 3176 V
988 3127 1038 3177 683
1057 3124 1122 3191 post

104 3196 217 3262 tergum
240 3192 268 3245 A
291 3194 455 3264 postergum
484 3193 535 3262 Vll
558 3194 648 3248 sidere
670 3193 792 3248 Eulaliae
815 3193 907 3249 sidera
930 3194 957 3248 V
978 3193 1078 3260 sydera
1095 3193 1122 3246 A

106 3261 412 3319 6841iberetartusv
431 3263 520 3320 libera
538 3264 634 3320 tardus
658 3264 729 3320 VAe
783 3270 836 3320 688
855 3281 954 3319 manus
968 3263 996 3317 A
1013 3279 1080 3316 man
1099 3261 1127 3315 V

105 3351 133 3388 u.
153 3337 208 3390 689
231 3333 573 3390 temperassemus
596 3336 649 3390 VA
728 3341 781 3390 699
803 3336 884 3390 nerui
901 3351 918 3388 o
935 3331 1028 3388 neruis
1053 3333 1124 3389 VAe

106 3421 133 3458 u.
152 3405 390 3462 ostendiditur
409 3403 548 3469 AQVILA
572 3406 624 3460 VA
705 3413 757 3462 696
776 3424 794 3461 a
810 3407 913 3475 pelago
932 3421 948 3458 e
967 3419 1001 3458 ao
1018 3404 1121 3474 pelago

112 3473 209 3546 VAell
227 3477 291 3530 etv
309 3492 359 3530 ora.
385 3475 460 3531 VAe
514 3482 565 3532 697
585 3491 765 3546 summaeque
783 3477 811 3530 A
830 3477 905 3548 sime
924 3491 996 3543 quae
1021 3474 1047 3528 V
