<?xml version="1.0" encoding="UTF-8"?>
<!DOCTYPE html PUBLIC "-//W3C//DTD XHTML 1.0 Transitional//EN"
    "http://www.w3.org/TR/xhtml1/DTD/xhtml1-transitional.dtd">
<html xmlns="http://www.w3.org/1999/xhtml" xml:lang="en" lang="en">
 <head>
  <title>
</title>
<meta http-equiv="Content-Type" content="text/html;charset=utf-8" />
  <meta name='ocr-system' content='tesseract 3.04.00' />
  <meta name='ocr-capabilities' content='ocr_page ocr_carea ocr_par ocr_line ocrx_word'/>
</head>
<body>
  <div class='ocr_page' id='page_1' title='image "./rufifestiavieni00aviegoog_0045.png"; bbox 0 0 2578 3956; ppageno 0'>
   <div class='ocr_carea' id='block_1_1' title="bbox 494 269 710 333">
    <p class='ocr_par' dir='ltr' id='par_1_1' title="bbox 494 269 710 333">
     <span class='ocr_line' id='line_1_1' title="bbox 494 269 710 333; baseline 0.014 -20"><span class='ocrx_word' id='word_1_1' title='bbox 494 269 710 333; x_wconf 70' lang='lat'>..21-</span> 
     </span>
    </p>
   </div>
   <div class='ocr_carea' id='block_1_2' title="bbox 17 406 1054 2968">
    <p class='ocr_par' dir='ltr' id='par_1_2' title="bbox 17 406 1033 847">
     <span class='ocr_line' id='line_1_2' title="bbox 17 406 982 498; baseline 0.007 -27"><span class='ocrx_word' id='word_1_2' title='bbox 17 408 151 474; x_wconf 73' lang='lat' dir='ltr'><strong>caused</strong></span> <span class='ocrx_word' id='word_1_3' title='bbox 173 429 242 473; x_wconf 90' lang='lat' dir='ltr'><strong>non</strong></span> <span class='ocrx_word' id='word_1_4' title='bbox 265 409 299 472; x_wconf 86' lang='lat' dir='ltr'><strong>et</strong></span> <span class='ocrx_word' id='word_1_5' title='bbox 320 406 420 491; x_wconf 88' lang='lat' dir='ltr'><strong>capiti</strong></span> <span class='ocrx_word' id='word_1_6' title='bbox 443 407 558 474; x_wconf 87' lang='lat' dir='ltr'><strong>similis</strong></span> <span class='ocrx_word' id='word_1_7' title='bbox 580 409 680 475; x_wconf 86' lang='lat' dir='ltr'><strong>rubor</strong></span> <span class='ocrx_word' id='word_1_8' title='bbox 702 410 838 496; x_wconf 84' lang='lat' dir='ltr'><strong>ipsaque</strong></span> <span class='ocrx_word' id='word_1_9' title='bbox 861 413 982 498; x_wconf 84' lang='lat' dir='ltr'><strong>ceruix,</strong></span> 
     </span>
     <span class='ocr_line' id='line_1_3' title="bbox 93 497 924 586; baseline 0.007 -27"><span class='ocrx_word' id='word_1_10' title='bbox 93 497 246 580; x_wconf 87' lang='lat' dir='ltr'><strong>quamuis</strong></span> <span class='ocrx_word' id='word_1_11' title='bbox 269 517 403 581; x_wconf 88' lang='lat' dir='ltr'><strong>procero</strong></span> <span class='ocrx_word' id='word_1_12' title='bbox 428 502 541 582; x_wconf 77' lang='lat' dir='ltr'><strong>surgat</strong></span> <span class='ocrx_word' id='word_1_13' title='bbox 562 497 640 563; x_wconf 91' lang='lat' dir='ltr'><strong>iuba</strong></span> <span class='ocrx_word' id='word_1_14' title='bbox 662 499 803 564; x_wconf 87' lang='lat' dir='ltr'><strong>maxima</strong></span> <span class='ocrx_word' id='word_1_15' title='bbox 826 501 924 586; x_wconf 86' lang='lat' dir='ltr'><strong>collo,</strong></span> 
     </span>
     <span class='ocr_line' id='line_1_4' title="bbox 92 585 900 674; baseline 0.006 -26"><span class='ocrx_word' id='word_1_16' title='bbox 92 585 251 669; x_wconf 84' lang='lat' dir='ltr'><strong>languida</strong></span> <span class='ocrx_word' id='word_1_17' title='bbox 274 585 431 658; x_wconf 83' lang='lat' dir='ltr'><strong>marcenti</strong></span> <span class='ocrx_word' id='word_1_18' title='bbox 453 587 509 650; x_wconf 84' lang='lat' dir='ltr'><strong>uix</strong></span> <span class='ocrx_word' id='word_1_19' title='bbox 532 589 582 651; x_wconf 85' lang='lat' dir='ltr'><strong>est</strong></span> <span class='ocrx_word' id='word_1_20' title='bbox 605 588 792 672; x_wconf 88' lang='lat' dir='ltr'><strong>spectabilis</strong></span> <span class='ocrx_word' id='word_1_21' title='bbox 816 588 900 674; x_wconf 82' lang='lat' dir='ltr'><strong>igne.</strong></span> 
     </span>
     <span class='ocr_line' id='line_1_5' title="bbox 92 673 1033 761; baseline 0.004 -23"><span class='ocrx_word' id='word_1_22' title='bbox 92 673 212 738; x_wconf 86' lang='lat' dir='ltr'><strong>ultima</strong></span> <span class='ocrx_word' id='word_1_23' title='bbox 235 694 317 757; x_wconf 87' lang='lat' dir='ltr'><strong>quae</strong></span> <span class='ocrx_word' id='word_1_24' title='bbox 341 677 451 740; x_wconf 89' lang='lat' dir='ltr'><strong>mento</strong></span> <span class='ocrx_word' id='word_1_25' title='bbox 476 696 547 740; x_wconf 81' lang='grc'>0000</span> <span class='ocrx_word' id='word_1_26' title='bbox 570 676 724 761; x_wconf 84' lang='lat' dir='ltr'><strong>explieat,</strong></span> <span class='ocrx_word' id='word_1_27' title='bbox 745 677 826 740; x_wconf 90' lang='lat' dir='ltr'><strong>haut</strong></span> <span class='ocrx_word' id='word_1_28' title='bbox 849 678 955 742; x_wconf 88' lang='lat' dir='ltr'><strong>minor</strong></span> <span class='ocrx_word' id='word_1_29' title='bbox 977 677 1033 742; x_wconf 86' lang='lat' dir='ltr'><strong>illa</strong></span> 
     </span>
     <span class='ocr_line' id='line_1_6' title="bbox 95 763 990 847; baseline 0.004 -21"><span class='ocrx_word' id='word_1_30' title='bbox 95 765 250 845; x_wconf 81' lang='lat' dir='ltr'><strong>quattuor</strong></span> <span class='ocrx_word' id='word_1_31' title='bbox 273 765 322 826; x_wconf 89' lang='lat' dir='ltr'><strong>est</strong></span> <span class='ocrx_word' id='word_1_32' title='bbox 344 763 472 847; x_wconf 88' lang='lat' dir='ltr'><strong>primis,</strong></span> <span class='ocrx_word' id='word_1_33' title='bbox 494 786 576 847; x_wconf 85' lang='lat' dir='ltr'><strong>quae</strong></span> <span class='ocrx_word' id='word_1_34' title='bbox 598 764 737 830; x_wconf 84' lang='lat' dir='ltr'><strong>formam</strong></span> <span class='ocrx_word' id='word_1_35' title='bbox 759 765 881 830; x_wconf 88' lang='lat' dir='ltr'><strong>lumine</strong></span> <span class='ocrx_word' id='word_1_36' title='bbox 904 766 990 831; x_wconf 89' lang='lat' dir='ltr'><strong>claro</strong></span> 
     </span>
    </p>

    <p class='ocr_par' dir='ltr' id='par_1_3' title="bbox 19 851 1050 1291">
     <span class='ocr_line' id='line_1_7' title="bbox 19 851 1050 942; baseline 0.002 -26"><span class='ocrx_word' id='word_1_37' title='bbox 19 867 73 918; x_wconf 82' lang='grc'><strong>405</strong></span> <span class='ocrx_word' id='word_1_38' title='bbox 95 851 277 935; x_wconf 81' lang='lat' dir='ltr'><strong>cornipedis</strong></span> <span class='ocrx_word' id='word_1_39' title='bbox 301 851 466 917; x_wconf 89' lang='lat' dir='ltr'><strong>simulant.</strong></span> <span class='ocrx_word' id='word_1_40' title='bbox 510 873 577 918; x_wconf 91' lang='lat' dir='ltr'><strong>non</strong></span> <span class='ocrx_word' id='word_1_41' title='bbox 600 852 654 918; x_wconf 91' lang='lat' dir='ltr'><strong>hie</strong></span> <span class='ocrx_word' id='word_1_42' title='bbox 677 873 777 938; x_wconf 84' lang='lat' dir='ltr'><strong>equus</strong></span> <span class='ocrx_word' id='word_1_43' title='bbox 801 854 926 942; x_wconf 87' lang='lat' dir='ltr'><strong>integer</strong></span> <span class='ocrx_word' id='word_1_44' title='bbox 949 857 1050 938; x_wconf 85' lang='lat' dir='ltr'><strong>artus,</strong></span> 
     </span>
     <span class='ocr_line' id='line_1_8' title="bbox 94 939 972 1025; baseline 0.005 -21"><span class='ocrx_word' id='word_1_45' title='bbox 94 961 162 1004; x_wconf 91' lang='lat' dir='ltr'><strong>non</strong></span> <span class='ocrx_word' id='word_1_46' title='bbox 185 939 368 1025; x_wconf 80' lang='lat' dir='ltr'><strong>quadrupes</strong></span> <span class='ocrx_word' id='word_1_47' title='bbox 393 942 481 1006; x_wconf 87' lang='lat' dir='ltr'><strong>caelo</strong></span> <span class='ocrx_word' id='word_1_48' title='bbox 506 941 699 1025; x_wconf 86' lang='lat' dir='ltr'><strong>sustollitur,</strong></span> <span class='ocrx_word' id='word_1_49' title='bbox 723 945 758 1007; x_wconf 87' lang='lat' dir='ltr'><strong>at</strong></span> <span class='ocrx_word' id='word_1_50' title='bbox 779 944 875 1008; x_wconf 88' lang='lat' dir='ltr'><strong>tenus</strong></span> <span class='ocrx_word' id='word_1_51' title='bbox 898 944 972 1008; x_wconf 89' lang='lat' dir='ltr'><strong>aluo</strong></span> 
     </span>
     <span class='ocr_line' id='line_1_9' title="bbox 94 1027 979 1116; baseline 0.003 -24"><span class='ocrx_word' id='word_1_52' title='bbox 94 1027 232 1113; x_wconf 89' lang='lat' dir='ltr'><strong>erigitur</strong></span> <span class='ocrx_word' id='word_1_53' title='bbox 254 1029 372 1114; x_wconf 83' lang='lat' dir='ltr'><strong>media,</strong></span> <span class='ocrx_word' id='word_1_54' title='bbox 396 1051 472 1094; x_wconf 86' lang='lat' dir='ltr'><strong>narn</strong></span> <span class='ocrx_word' id='word_1_55' title='bbox 496 1033 602 1096; x_wconf 87' lang='lat' dir='ltr'><strong>cetera</strong></span> <span class='ocrx_word' id='word_1_56' title='bbox 624 1051 708 1114; x_wconf 89' lang='lat' dir='ltr'><strong>pone</strong></span> <span class='ocrx_word' id='word_1_57' title='bbox 730 1034 906 1116; x_wconf 88' lang='lat' dir='ltr'><strong>negantur,</strong></span> <span class='ocrx_word' id='word_1_58' title='bbox 978 1031 979 1034; x_wconf 68' lang='grc'>’</span> 
     </span>
     <span class='ocr_line' id='line_1_10' title="bbox 96 1117 998 1202; baseline 0.004 -22"><span class='ocrx_word' id='word_1_59' title='bbox 96 1121 129 1180; x_wconf 88' lang='lat' dir='ltr'><strong>et</strong></span> <span class='ocrx_word' id='word_1_60' title='bbox 153 1117 259 1202; x_wconf 81' lang='lat' dir='ltr'><strong>quatit</strong></span> <span class='ocrx_word' id='word_1_61' title='bbox 282 1117 442 1182; x_wconf 87' lang='lat' dir='ltr'><strong>aetherias</strong></span> <span class='ocrx_word' id='word_1_62' title='bbox 465 1119 580 1202; x_wconf 87' lang='lat' dir='ltr'><strong>primis</strong></span> <span class='ocrx_word' id='word_1_63' title='bbox 603 1119 698 1184; x_wconf 89' lang='lat' dir='ltr'><strong>modo</strong></span> <span class='ocrx_word' id='word_1_64' title='bbox 723 1119 870 1184; x_wconf 87' lang='lat' dir='ltr'><strong>cruribus</strong></span> <span class='ocrx_word' id='word_1_65' title='bbox 893 1140 998 1184; x_wconf 86' lang='lat' dir='ltr'><strong>auras.</strong></span> 
     </span>
     <span class='ocr_line' id='line_1_11' title="bbox 94 1204 1002 1291; baseline 0.004 -21"><span class='ocrx_word' id='word_1_66' title='bbox 94 1206 195 1289; x_wconf 85' lang='lat' dir='ltr'><strong>hunc,</strong></span> <span class='ocrx_word' id='word_1_67' title='bbox 218 1207 303 1270; x_wconf 90' lang='lat' dir='ltr'><strong>hunc</strong></span> <span class='ocrx_word' id='word_1_68' title='bbox 326 1204 434 1272; x_wconf 86' lang='lat' dir='ltr'><strong>Aonio</strong></span> <span class='ocrx_word' id='word_1_69' title='bbox 458 1207 621 1291; x_wconf 87' lang='lat' dir='ltr'><strong>quondam</strong></span> <span class='ocrx_word' id='word_1_70' title='bbox 645 1209 826 1288; x_wconf 79' lang='lat' dir='ltr'><strong>memorant</strong></span> <span class='ocrx_word' id='word_1_71' title='bbox 847 1206 1002 1274; x_wconf 85' lang='lat' dir='ltr'><strong>Helicone</strong></span> 
     </span>
    </p>

    <p class='ocr_par' dir='ltr' id='par_1_4' title="bbox 21 1291 993 1734">
     <span class='ocr_line' id='line_1_12' title="bbox 21 1291 993 1379; baseline 0.002 -21"><span class='ocrx_word' id='word_1_72' title='bbox 21 1312 75 1361; x_wconf 84' lang='grc'><strong>400</strong></span> <span class='ocrx_word' id='word_1_73' title='bbox 94 1294 207 1358; x_wconf 89' lang='lat' dir='ltr'><strong>inclita</strong></span> <span class='ocrx_word' id='word_1_74' title='bbox 229 1298 306 1379; x_wconf 83' lang='lat' dir='ltr'><strong>post</strong></span> <span class='ocrx_word' id='word_1_75' title='bbox 328 1291 446 1378; x_wconf 79' lang='lat' dir='ltr'>Lyciae</span> <span class='ocrx_word' id='word_1_76' title='bbox 468 1295 655 1360; x_wconf 87' lang='lat' dir='ltr'><strong>redeuntem</strong></span> <span class='ocrx_word' id='word_1_77' title='bbox 679 1296 768 1361; x_wconf 88' lang='lat' dir='ltr'><strong>bella</strong></span> <span class='ocrx_word' id='word_1_78' title='bbox 791 1294 993 1376; x_wconf 74' lang='lat' dir='ltr'><strong>Chimaerae,</strong></span> 
     </span>
     <span class='ocr_line' id='line_1_13' title="bbox 92 1383 957 1559; baseline 0.005 -25"><span class='ocrx_word' id='word_1_79' title='bbox 92 1383 449 1556; x_wconf 60' lang='lat' dir='ltr'><strong>tittttttttt</strong></span> <span class='ocrx_word' id='word_1_80' title='bbox 467 1383 581 1537; x_wconf 52' lang='lat' dir='ltr'><strong>‘iiiiii</strong></span> <span class='ocrx_word' id='word_1_81' title='bbox 594 1383 817 1559; x_wconf 63' lang='lat' dir='ltr'><strong>ruunt</strong></span> <span class='ocrx_word' id='word_1_82' title='bbox 830 1385 957 1538; x_wconf 55' lang='lat' dir='ltr'><strong>tte</strong></span> 
     </span>
     <span class='ocr_line' id='line_1_14' title="bbox 94 1559 948 1644; baseline 0.002 -20"><span class='ocrx_word' id='word_1_83' title='bbox 94 1559 276 1644; x_wconf 85' lang='lat' dir='ltr'><strong>expleuisse</strong></span> <span class='ocrx_word' id='word_1_84' title='bbox 297 1559 435 1644; x_wconf 85' lang='lat' dir='ltr'><strong>famem,</strong></span> <span class='ocrx_word' id='word_1_85' title='bbox 458 1560 514 1624; x_wconf 89' lang='lat' dir='ltr'><strong>sed</strong></span> <span class='ocrx_word' id='word_1_86' title='bbox 538 1582 610 1625; x_wconf 89' lang='lat' dir='ltr'><strong>eum</strong></span> <span class='ocrx_word' id='word_1_87' title='bbox 634 1561 704 1626; x_wconf 86' lang='lat' dir='ltr'><strong>sitis</strong></span> <span class='ocrx_word' id='word_1_88' title='bbox 727 1561 817 1625; x_wconf 85' lang='lat' dir='ltr'><strong>arida</strong></span> <span class='ocrx_word' id='word_1_89' title='bbox 840 1561 948 1626; x_wconf 88' lang='lat' dir='ltr'><strong>fauces</strong></span> 
     </span>
     <span class='ocr_line' id='line_1_15' title="bbox 95 1648 818 1734; baseline 0.001 -22"><span class='ocrx_word' id='word_1_90' title='bbox 95 1650 205 1712; x_wconf 89' lang='lat' dir='ltr'><strong>ureret</strong></span> <span class='ocrx_word' id='word_1_91' title='bbox 228 1667 264 1712; x_wconf 89' lang='lat' dir='ltr'><strong>ac</strong></span> <span class='ocrx_word' id='word_1_92' title='bbox 286 1648 376 1713; x_wconf 90' lang='lat' dir='ltr'><strong>nullo</strong></span> <span class='ocrx_word' id='word_1_93' title='bbox 400 1651 549 1713; x_wconf 87' lang='lat' dir='ltr'><strong>manaret</strong></span> <span class='ocrx_word' id='word_1_94' title='bbox 571 1669 689 1734; x_wconf 82' lang='lat' dir='ltr'><strong>gurges</strong></span> <span class='ocrx_word' id='word_1_95' title='bbox 713 1649 818 1730; x_wconf 87' lang='lat' dir='ltr'><strong>hiatu,</strong></span> 
     </span>
    </p>

    <p class='ocr_par' dir='ltr' id='par_1_5' title="bbox 22 1735 1054 2174">
     <span class='ocr_line' id='line_1_16' title="bbox 22 1735 905 1821; baseline 0 -21"><span class='ocrx_word' id='word_1_96' title='bbox 22 1752 76 1802; x_wconf 85' lang='grc'><strong>405</strong></span> <span class='ocrx_word' id='word_1_97' title='bbox 94 1736 235 1801; x_wconf 87' lang='lat' dir='ltr'><strong>inlisisse</strong></span> <span class='ocrx_word' id='word_1_98' title='bbox 257 1735 372 1821; x_wconf 87' lang='lat' dir='ltr'><strong>pedem</strong></span> <span class='ocrx_word' id='word_1_99' title='bbox 399 1771 436 1782; x_wconf 90' lang='lat'><em>-</em></span> <span class='ocrx_word' id='word_1_100' title='bbox 463 1757 624 1820; x_wconf 88' lang='lat' dir='ltr'><strong>cornuque</strong></span> <span class='ocrx_word' id='word_1_101' title='bbox 648 1737 753 1802; x_wconf 83' lang='lat' dir='ltr'><strong>excita</strong></span> <span class='ocrx_word' id='word_1_102' title='bbox 775 1739 905 1819; x_wconf 88' lang='lat' dir='ltr'><strong>repente</strong></span> 
     </span>
     <span class='ocr_line' id='line_1_17' title="bbox 93 1823 917 1910; baseline 0 -22"><span class='ocrx_word' id='word_1_103' title='bbox 93 1823 196 1908; x_wconf 87' lang='lat' dir='ltr'><strong>lymfa</strong></span> <span class='ocrx_word' id='word_1_104' title='bbox 219 1824 415 1890; x_wconf 85' lang='lat' dir='ltr'><strong>camenalem</strong></span> <span class='ocrx_word' id='word_1_105' title='bbox 437 1824 523 1890; x_wconf 81' lang='lat' dir='ltr'><strong>fudit</strong></span> <span class='ocrx_word' id='word_1_106' title='bbox 544 1825 658 1908; x_wconf 88' lang='lat' dir='ltr'><strong>procul</strong></span> <span class='ocrx_word' id='word_1_107' title='bbox 681 1824 917 1910; x_wconf 86' lang='lat' dir='ltr'><strong>Hippocrenen.</strong></span> 
     </span>
     <span class='ocr_line' id='line_1_18' title="bbox 94 1911 1054 1998; baseline 0.007 -22"><span class='ocrx_word' id='word_1_108' title='bbox 94 1916 204 1977; x_wconf 89' lang='lat' dir='ltr'><strong>Aones</strong></span> <span class='ocrx_word' id='word_1_109' title='bbox 227 1911 289 1977; x_wconf 90' lang='lat' dir='ltr'><strong>hcc</strong></span> <span class='ocrx_word' id='word_1_110' title='bbox 312 1913 401 1978; x_wconf 85' lang='lat' dir='ltr'><strong>latici</strong></span> <span class='ocrx_word' id='word_1_111' title='bbox 424 1916 604 1997; x_wconf 84' lang='lat' dir='ltr'><strong>posuerunt</strong></span> <span class='ocrx_word' id='word_1_112' title='bbox 623 1935 741 1978; x_wconf 87' lang='lat' dir='ltr'><strong>nomen</strong></span> <span class='ocrx_word' id='word_1_113' title='bbox 766 1913 884 1998; x_wconf 85' lang='lat' dir='ltr'><strong>equino</strong></span> <span class='ocrx_word' id='word_1_114' title='bbox 1050 1976 1054 1984; x_wconf 92' lang='lat'>.</span> 
     </span>
     <span class='ocr_line' id='line_1_19' title="bbox 92 2001 1032 2089; baseline 0.001 -25"><span class='ocrx_word' id='word_1_115' title='bbox 92 2004 252 2085; x_wconf 88' lang='lat' dir='ltr'><strong>pastores.</strong></span> <span class='ocrx_word' id='word_1_116' title='bbox 299 2001 415 2089; x_wconf 88' lang='lat' dir='ltr'><strong>strepit</strong></span> <span class='ocrx_word' id='word_1_117' title='bbox 437 2002 516 2066; x_wconf 87' lang='lat' dir='ltr'><strong>haee</strong></span> <span class='ocrx_word' id='word_1_118' title='bbox 540 2002 666 2084; x_wconf 84' lang='lat' dir='ltr'><strong>placido</strong></span> <span class='ocrx_word' id='word_1_119' title='bbox 689 2002 775 2066; x_wconf 91' lang='lat' dir='ltr'><strong>inter</strong></span> <span class='ocrx_word' id='word_1_120' title='bbox 799 2023 878 2065; x_wconf 85' lang='lat' dir='ltr'><strong>saxa</strong></span> <span class='ocrx_word' id='word_1_121' title='bbox 901 2021 1032 2066; x_wconf 88' lang='lat' dir='ltr'><strong>susurro</strong></span> 
     </span>
     <span class='ocr_line' id='line_1_20' title="bbox 94 2087 952 2174; baseline 0 -20"><span class='ocrx_word' id='word_1_122' title='bbox 94 2089 199 2174; x_wconf 86' lang='lat' dir='ltr'><strong>adque</strong></span> <span class='ocrx_word' id='word_1_123' title='bbox 222 2087 377 2154; x_wconf 89' lang='lat' dir='ltr'><strong>Helicone</strong></span> <span class='ocrx_word' id='word_1_124' title='bbox 401 2090 518 2154; x_wconf 88' lang='lat' dir='ltr'><strong>cadens</strong></span> <span class='ocrx_word' id='word_1_125' title='bbox 542 2111 611 2154; x_wconf 88' lang='lat' dir='ltr'><strong>sese</strong></span> <span class='ocrx_word' id='word_1_126' title='bbox 636 2090 819 2157; x_wconf 74' lang='lat' dir='ltr'><strong>sitientibus</strong></span> <span class='ocrx_word' id='word_1_127' title='bbox 842 2087 952 2154; x_wconf 88' lang='lat' dir='ltr'><strong>herbis</strong></span> 
     </span>
    </p>

    <p class='ocr_par' dir='ltr' id='par_1_6' title="bbox 26 2177 986 2618">
     <span class='ocr_line' id='line_1_21' title="bbox 26 2177 914 2264; baseline 0 -22"><span class='ocrx_word' id='word_1_128' title='bbox 26 2195 76 2244; x_wconf 88' lang='grc'><strong>500</strong></span> <span class='ocrx_word' id='word_1_129' title='bbox 96 2178 225 2258; x_wconf 83' lang='lat' dir='ltr'><strong>inserit,</strong></span> <span class='ocrx_word' id='word_1_130' title='bbox 248 2177 407 2242; x_wconf 86' lang='lat' dir='ltr'><strong>Ascraeas</strong></span> <span class='ocrx_word' id='word_1_131' title='bbox 430 2177 531 2242; x_wconf 88' lang='lat' dir='ltr'><strong>donee</strong></span> <span class='ocrx_word' id='word_1_132' title='bbox 553 2197 638 2264; x_wconf 84' lang='lat' dir='ltr'><strong>uaga</strong></span> <span class='ocrx_word' id='word_1_133' title='bbox 661 2178 789 2264; x_wconf 83' lang='lat' dir='ltr'><strong>gurgite</strong></span> <span class='ocrx_word' id='word_1_134' title='bbox 812 2177 914 2243; x_wconf 88' lang='lat' dir='ltr'><strong>ualles</strong></span> 
     </span>
     <span class='ocr_line' id='line_1_22' title="bbox 96 2263 959 2351; baseline 0.001 -22"><span class='ocrx_word' id='word_1_135' title='bbox 96 2265 248 2330; x_wconf 87' lang='lat' dir='ltr'><strong>uiuifieet.</strong></span> <span class='ocrx_word' id='word_1_136' title='bbox 270 2340 272 2344; x_wconf 21' lang='lat'><strong><em>¹</em></strong></span> <span class='ocrx_word' id='word_1_137' title='bbox 293 2266 381 2351; x_wconf 86' lang='lat' dir='ltr'><strong>rigat</strong></span> <span class='ocrx_word' id='word_1_138' title='bbox 403 2265 465 2330; x_wconf 90' lang='lat' dir='ltr'><strong>hac</strong></span> <span class='ocrx_word' id='word_1_139' title='bbox 488 2265 615 2332; x_wconf 86' lang='lat' dir='ltr'><strong>animas</strong></span> <span class='ocrx_word' id='word_1_140' title='bbox 638 2269 671 2330; x_wconf 87' lang='lat' dir='ltr'><strong>et</strong></span> <span class='ocrx_word' id='word_1_141' title='bbox 692 2263 834 2351; x_wconf 76' lang='lat' dir='ltr'><strong>Thespia</strong></span> <span class='ocrx_word' id='word_1_142' title='bbox 856 2266 959 2351; x_wconf 83' lang='lat' dir='ltr'><strong>pubes</strong></span> 
     </span>
     <span class='ocr_line' id='line_1_23' title="bbox 97 2354 981 2440; baseline 0.002 -22"><span class='ocrx_word' id='word_1_143' title='bbox 97 2376 225 2438; x_wconf 88' lang='lat' dir='ltr'><strong>semper</strong></span> <span class='ocrx_word' id='word_1_144' title='bbox 247 2357 280 2418; x_wconf 87' lang='lat' dir='ltr'><strong>et</strong></span> <span class='ocrx_word' id='word_1_145' title='bbox 302 2355 337 2418; x_wconf 91' lang='lat' dir='ltr'><strong>in</strong></span> <span class='ocrx_word' id='word_1_146' title='bbox 359 2354 471 2420; x_wconf 84' lang='lat' dir='ltr'><strong>latices</strong></span> <span class='ocrx_word' id='word_1_147' title='bbox 494 2354 602 2420; x_wconf 87' lang='lat' dir='ltr'><strong>inhiat</strong></span> <span class='ocrx_word' id='word_1_148' title='bbox 624 2375 702 2440; x_wconf 87' lang='lat' dir='ltr'><strong>gens</strong></span> <span class='ocrx_word' id='word_1_149' title='bbox 725 2356 826 2421; x_wconf 84' lang='lat' dir='ltr'><strong>fontis</strong></span> <span class='ocrx_word' id='word_1_150' title='bbox 850 2355 981 2420; x_wconf 86' lang='lat' dir='ltr'><strong>alumni.</strong></span> 
     </span>
     <span class='ocr_line' id='line_1_24' title="bbox 97 2443 853 2510; baseline 0.003 -4"><span class='ocrx_word' id='word_1_151' title='bbox 97 2445 150 2506; x_wconf 90' lang='lat' dir='ltr'><strong>ast</strong></span> <span class='ocrx_word' id='word_1_152' title='bbox 173 2463 247 2507; x_wconf 90' lang='lat' dir='ltr'><strong>ecus</strong></span> <span class='ocrx_word' id='word_1_153' title='bbox 271 2443 397 2508; x_wconf 85' lang='lat' dir='ltr'><strong>alterne</strong></span> <span class='ocrx_word' id='word_1_154' title='bbox 419 2443 503 2509; x_wconf 83' lang='lat' dir='ltr'><strong>redit</strong></span> <span class='ocrx_word' id='word_1_155' title='bbox 524 2443 610 2508; x_wconf 89' lang='lat' dir='ltr'><strong>inter</strong></span> <span class='ocrx_word' id='word_1_156' title='bbox 633 2445 739 2510; x_wconf 88' lang='lat' dir='ltr'><strong>sidera</strong></span> <span class='ocrx_word' id='word_1_157' title='bbox 763 2447 853 2508; x_wconf 86' lang='lat' dir='ltr'><strong>ructu</strong></span> 
     </span>
     <span class='ocr_line' id='line_1_25' title="bbox 97 2529 986 2618; baseline -0.003 -23"><span class='ocrx_word' id='word_1_158' title='bbox 97 2530 281 2616; x_wconf 83' lang='lat' dir='ltr'><strong>Oceanique</strong></span> <span class='ocrx_word' id='word_1_159' title='bbox 304 2529 373 2598; x_wconf 87' lang='lat' dir='ltr'><strong>salo</strong></span> <span class='ocrx_word' id='word_1_160' title='bbox 396 2535 495 2618; x_wconf 86' lang='lat' dir='ltr'><strong>caput</strong></span> <span class='ocrx_word' id='word_1_161' title='bbox 517 2533 643 2598; x_wconf 83' lang='lat' dir='ltr'><strong>exserit.</strong></span> <span class='ocrx_word' id='word_1_162' title='bbox 687 2531 769 2597; x_wconf 89' lang='lat' dir='ltr'><strong>haut</strong></span> <span class='ocrx_word' id='word_1_163' title='bbox 791 2531 852 2596; x_wconf 87' lang='lat' dir='ltr'><strong>tibi</strong></span> <span class='ocrx_word' id='word_1_164' title='bbox 874 2529 986 2614; x_wconf 87' lang='lat' dir='ltr'><strong>magni</strong></span> 
     </span>
    </p>

    <p class='ocr_par' dir='ltr' id='par_1_7' title="bbox 25 2620 1008 2882">
     <span class='ocr_line' id='line_1_26' title="bbox 25 2620 819 2705; baseline -0.003 -21"><span class='ocrx_word' id='word_1_165' title='bbox 25 2635 76 2684; x_wconf 89' lang='grc'><strong>505</strong></span> <span class='ocrx_word' id='word_1_166' title='bbox 96 2640 175 2684; x_wconf 87' lang='lat' dir='ltr'><strong>eura</strong></span> <span class='ocrx_word' id='word_1_167' title='bbox 197 2620 320 2684; x_wconf 86' lang='lat' dir='ltr'><strong>laboris</strong></span> <span class='ocrx_word' id='word_1_168' title='bbox 343 2621 404 2684; x_wconf 87' lang='lat' dir='ltr'><strong>erit</strong></span> <span class='ocrx_word' id='word_1_169' title='bbox 426 2621 516 2686; x_wconf 88' lang='lat' dir='ltr'><strong>eaelo</strong></span> <span class='ocrx_word' id='word_1_170' title='bbox 538 2624 684 2705; x_wconf 84' lang='lat' dir='ltr'><strong>spectare</strong></span> <span class='ocrx_word' id='word_1_171' title='bbox 708 2641 819 2685; x_wconf 84' lang='lat' dir='ltr'><strong>sereno</strong></span> 
     </span>
     <span class='ocr_line' id='line_1_27' title="bbox 95 2705 1008 2794; baseline -0.004 -22"><span class='ocrx_word' id='word_1_172' title='bbox 95 2707 313 2791; x_wconf 76' lang='lat' dir='ltr'><strong>cornipedem,</strong></span> <span class='ocrx_word' id='word_1_173' title='bbox 337 2709 437 2772; x_wconf 88' lang='lat' dir='ltr'><strong>micat</strong></span> <span class='ocrx_word' id='word_1_174' title='bbox 459 2709 515 2772; x_wconf 87' lang='lat' dir='ltr'><strong>ille</strong></span> <span class='ocrx_word' id='word_1_175' title='bbox 538 2709 649 2794; x_wconf 85' lang='lat' dir='ltr'><strong>procul</strong></span> <span class='ocrx_word' id='word_1_176' title='bbox 672 2706 887 2792; x_wconf 83' lang='lat' dir='ltr'><strong>flagrantibus</strong></span> <span class='ocrx_word' id='word_1_177' title='bbox 911 2705 1008 2769; x_wconf 91' lang='lat' dir='ltr'><strong>astris</strong></span> 
     </span>
     <span class='ocr_line' id='line_1_28' title="bbox 96 2795 834 2882; baseline -0.004 -23"><span class='ocrx_word' id='word_1_178' title='bbox 96 2799 129 2860; x_wconf 91' lang='lat' dir='ltr'><strong>et</strong></span> <span class='ocrx_word' id='word_1_179' title='bbox 152 2795 283 2882; x_wconf 85' lang='lat' dir='ltr'><strong>perfusa</strong></span> <span class='ocrx_word' id='word_1_180' title='bbox 305 2817 417 2861; x_wconf 85' lang='lat' dir='ltr'><strong>recens</strong></span> <span class='ocrx_word' id='word_1_181' title='bbox 441 2796 548 2860; x_wconf 83' lang='lat' dir='ltr'><strong>educit</strong></span> <span class='ocrx_word' id='word_1_182' title='bbox 570 2799 702 2881; x_wconf 88' lang='lat' dir='ltr'><strong>pectora</strong></span> <span class='ocrx_word' id='word_1_183' title='bbox 724 2797 834 2878; x_wconf 89' lang='lat' dir='ltr'><strong>ponto.</strong></span> 
     </span>
    </p>

    <p class='ocr_par' dir='ltr' id='par_1_8' title="bbox 140 2881 976 2968">
     <span class='ocr_line' id='line_1_29' title="bbox 140 2881 976 2968; baseline -0.002 -22"><span class='ocrx_word' id='word_1_184' title='bbox 140 2883 225 2948; x_wconf 85' lang='lat' dir='ltr'><strong>Tum</strong></span> <span class='ocrx_word' id='word_1_185' title='bbox 249 2884 333 2948; x_wconf 87' lang='lat' dir='ltr'><strong>celer</strong></span> <span class='ocrx_word' id='word_1_186' title='bbox 356 2883 412 2947; x_wconf 90' lang='lat' dir='ltr'><strong>ille</strong></span> <span class='ocrx_word' id='word_1_187' title='bbox 435 2884 549 2968; x_wconf 86' lang='lat' dir='ltr'><strong>aries,</strong></span> <span class='ocrx_word' id='word_1_188' title='bbox 571 2884 662 2968; x_wconf 85' lang='lat' dir='ltr'><strong>longi</strong></span> <span class='ocrx_word' id='word_1_189' title='bbox 685 2884 740 2968; x_wconf 88' lang='lat' dir='ltr'><strong>qui</strong></span> <span class='ocrx_word' id='word_1_190' title='bbox 763 2882 876 2946; x_wconf 87' lang='lat' dir='ltr'><strong>limitis</strong></span> <span class='ocrx_word' id='word_1_191' title='bbox 900 2881 976 2945; x_wconf 90' lang='lat' dir='ltr'><strong>orbe</strong></span> 
     </span>
    </p>
   </div>
   <div class='ocr_carea' id='block_1_3' title="bbox 94 3019 1123 3574">
    <p class='ocr_par' dir='ltr' id='par_1_9' title="bbox 94 3019 1123 3574">
     <span class='ocr_line' id='line_1_30' title="bbox 168 3019 1112 3091; baseline 0.002 -17"><span class='ocrx_word' id='word_1_192' title='bbox 168 3026 221 3074; x_wconf 87' lang='grc'><strong>480</strong></span> <span class='ocrx_word' id='word_1_193' title='bbox 240 3021 289 3074; x_wconf 89' lang='lat' dir='ltr'><strong>sed</strong></span> <span class='ocrx_word' id='word_1_194' title='bbox 307 3036 364 3075; x_wconf 89' lang='lat' dir='ltr'><strong>non</strong></span> <span class='ocrx_word' id='word_1_195' title='bbox 382 3022 411 3076; x_wconf 86' lang='lat' dir='ltr'><strong>et</strong></span> <span class='ocrx_word' id='word_1_196' title='bbox 427 3039 445 3077; x_wconf 84' lang='grc'><strong>0</strong></span> <span class='ocrx_word' id='word_1_197' title='bbox 463 3022 512 3077; x_wconf 86' lang='lat' dir='ltr'><strong>sed</strong></span> <span class='ocrx_word' id='word_1_198' title='bbox 531 3022 560 3076; x_wconf 89' lang='lat' dir='ltr'><strong>et</strong></span> <span class='ocrx_word' id='word_1_199' title='bbox 577 3037 634 3076; x_wconf 88' lang='lat' dir='ltr'><strong>non</strong></span> <span class='ocrx_word' id='word_1_200' title='bbox 653 3020 691 3077; x_wconf 90' lang='lat' dir='ltr'><strong>Ve</strong></span> <span class='ocrx_word' id='word_1_201' title='bbox 704 3020 791 3076; x_wconf 83' lang='lat' dir='ltr'><strong>Sedet</strong></span> <span class='ocrx_word' id='word_1_202' title='bbox 805 3036 861 3074; x_wconf 89' lang='lat' dir='ltr'><strong>non</strong></span> <span class='ocrx_word' id='word_1_203' title='bbox 875 3019 902 3073; x_wconf 88' lang='lat' dir='ltr'><strong><em>A</em></strong></span> <span class='ocrx_word' id='word_1_204' title='bbox 948 3023 999 3074; x_wconf 77' lang='lat'><strong>481</strong></span> <span class='ocrx_word' id='word_1_205' title='bbox 1015 3023 1112 3091; x_wconf 88' lang='lat' dir='ltr'><strong>surgat</strong></span> 
     </span>
     <span class='ocr_line' id='line_1_31' title="bbox 95 3090 1111 3159; baseline -0.002 -12"><span class='ocrx_word' id='word_1_206' title='bbox 95 3094 124 3147; x_wconf 90' lang='lat' dir='ltr'><strong><em>A</em></strong></span> <span class='ocrx_word' id='word_1_207' title='bbox 149 3092 245 3159; x_wconf 85' lang='lat' dir='ltr'><strong>surget</strong></span> <span class='ocrx_word' id='word_1_208' title='bbox 267 3090 295 3145; x_wconf 88' lang='lat' dir='ltr'><em>V</em></span> <span class='ocrx_word' id='word_1_209' title='bbox 382 3097 434 3146; x_wconf 82' lang='grc'><strong>483</strong></span> <span class='ocrx_word' id='word_1_210' title='bbox 456 3092 527 3147; x_wconf 86' lang='lat' dir='ltr'><strong>haut</strong></span> <span class='ocrx_word' id='word_1_211' title='bbox 548 3093 656 3154; x_wconf 77' lang='lat' dir='ltr'><strong>corraei</strong></span> <span class='ocrx_word' id='word_1_212' title='bbox 678 3095 728 3146; x_wconf 83' lang='lat' dir='ltr'><strong>aut</strong></span> <span class='ocrx_word' id='word_1_213' title='bbox 751 3091 779 3144; x_wconf 94' lang='lat' dir='ltr'><strong><em>V</em></strong></span> <span class='ocrx_word' id='word_1_214' title='bbox 797 3091 873 3146; x_wconf 89' lang='lat' dir='ltr'><strong>haud</strong></span> <span class='ocrx_word' id='word_1_215' title='bbox 891 3091 919 3145; x_wconf 89' lang='lat' dir='ltr'><strong><em>A</em></strong></span> <span class='ocrx_word' id='word_1_216' title='bbox 1009 3097 1061 3147; x_wconf 83' lang='lat'><strong>486</strong></span> <span class='ocrx_word' id='word_1_217' title='bbox 1081 3093 1111 3146; x_wconf 86' lang='lat' dir='ltr'><strong>at</strong></span> 
     </span>
     <span class='ocr_line' id='line_1_32' title="bbox 95 3161 1110 3218; baseline -0.004 0"><span class='ocrx_word' id='word_1_218' title='bbox 95 3162 211 3218; x_wconf 76' lang='lat' dir='ltr'><strong>Grotius</strong></span> <span class='ocrx_word' id='word_1_219' title='bbox 234 3162 263 3214; x_wconf 91' lang='lat' dir='ltr'><strong>et</strong></span> <span class='ocrx_word' id='word_1_220' title='bbox 286 3161 338 3215; x_wconf 91' lang='lat' dir='ltr'><strong>VA</strong></span> <span class='ocrx_word' id='word_1_221' title='bbox 423 3169 475 3218; x_wconf 77' lang='grc'><strong>487</strong></span> <span class='ocrx_word' id='word_1_222' title='bbox 494 3179 559 3218; x_wconf 82' lang='lat' dir='ltr'><strong>nam</strong></span> <span class='ocrx_word' id='word_1_223' title='bbox 578 3161 692 3218; x_wconf 73' lang='lat' dir='ltr'><strong>Grotius</strong></span> <span class='ocrx_word' id='word_1_224' title='bbox 709 3162 766 3218; x_wconf 90' lang='lat' dir='ltr'><strong>iam</strong></span> <span class='ocrx_word' id='word_1_225' title='bbox 790 3163 842 3216; x_wconf 91' lang='lat' dir='ltr'><strong>VA</strong></span> <span class='ocrx_word' id='word_1_226' title='bbox 927 3162 1110 3218; x_wconf 71' lang='grc' dir='ltr'>491000οι0-</span> 
     </span>
     <span class='ocr_line' id='line_1_33' title="bbox 94 3230 1109 3290; baseline -0.003 -2"><span class='ocrx_word' id='word_1_227' title='bbox 94 3233 189 3288; x_wconf 87' lang='lat' dir='ltr'><strong>murat</strong></span> <span class='ocrx_word' id='word_1_228' title='bbox 220 3235 283 3286; x_wconf 79' lang='lat' dir='ltr'><strong>aare</strong></span> <span class='ocrx_word' id='word_1_229' title='bbox 314 3248 443 3288; x_wconf 82' lang='lat' dir='ltr'><strong>rasurum</strong></span> <span class='ocrx_word' id='word_1_230' title='bbox 474 3238 608 3290; x_wconf 77' lang='lat' dir='ltr'><strong>muuucI</strong></span> <span class='ocrx_word' id='word_1_231' title='bbox 642 3234 668 3289; x_wconf 91' lang='lat' dir='ltr'><em>V</em></span> <span class='ocrx_word' id='word_1_232' title='bbox 696 3235 863 3290; x_wconf 80' lang='lat' dir='ltr'><strong>imurmurat</strong></span> <span class='ocrx_word' id='word_1_233' title='bbox 889 3238 1025 3288; x_wconf 79' lang='grc'>0000002</span> <span class='ocrx_word' id='word_1_234' title='bbox 1057 3230 1109 3285; x_wconf 92' lang='lat' dir='ltr'><strong>VA</strong></span> 
     </span>
     <span class='ocr_line' id='line_1_34' title="bbox 96 3300 1110 3374; baseline -0.005 -14"><span class='ocrx_word' id='word_1_235' title='bbox 96 3310 148 3360; x_wconf 77' lang='lat'><strong>692</strong></span> <span class='ocrx_word' id='word_1_236' title='bbox 163 3300 298 3373; x_wconf 82' lang='lat' dir='ltr'><strong>carpsisse</strong></span> <span class='ocrx_word' id='word_1_237' title='bbox 312 3303 340 3358; x_wconf 90' lang='lat' dir='ltr'><strong><em>A</em></strong></span> <span class='ocrx_word' id='word_1_238' title='bbox 354 3304 508 3374; x_wconf 80' lang='lat' dir='ltr'><strong>carpspisse</strong></span> <span class='ocrx_word' id='word_1_239' title='bbox 526 3303 572 3374; x_wconf 69' lang='lat' dir='ltr'><strong>Vl!</strong></span> <span class='ocrx_word' id='word_1_240' title='bbox 585 3303 673 3360; x_wconf 89' lang='lat' dir='ltr'><strong>odoro</strong></span> <span class='ocrx_word' id='word_1_241' title='bbox 686 3321 755 3362; x_wconf 87' lang='lat' dir='ltr'><strong>corr.</strong></span> <span class='ocrx_word' id='word_1_242' title='bbox 776 3305 802 3359; x_wconf 93' lang='lat' dir='ltr'><strong><em>V</em></strong></span> <span class='ocrx_word' id='word_1_243' title='bbox 814 3305 899 3360; x_wconf 85' lang='lat' dir='ltr'><strong>odore</strong></span> <span class='ocrx_word' id='word_1_244' title='bbox 909 3303 936 3357; x_wconf 97' lang='lat' dir='ltr'><strong><em>A</em></strong></span> <span class='ocrx_word' id='word_1_245' title='bbox 975 3308 1028 3358; x_wconf 84' lang='grc'><strong>490</strong></span> <span class='ocrx_word' id='word_1_246' title='bbox 1041 3301 1110 3372; x_wconf 92' lang='lat' dir='ltr'><strong>Hip·</strong></span> 
     </span>
     <span class='ocr_line' id='line_1_35' title="bbox 95 3372 1111 3450; baseline -0.001 -21"><span class='ocrx_word' id='word_1_247' title='bbox 95 3372 465 3450; x_wconf 71' lang='lat' dir='ltr'><strong>pcerenenAHipperenen</strong></span> <span class='ocrx_word' id='word_1_248' title='bbox 479 3374 506 3429; x_wconf 91' lang='lat' dir='ltr'><strong><em>V</em></strong></span> <span class='ocrx_word' id='word_1_249' title='bbox 539 3381 589 3430; x_wconf 87' lang='grc'><strong>001</strong></span> <span class='ocrx_word' id='word_1_250' title='bbox 604 3375 766 3432; x_wconf 86' lang='lat' dir='ltr'><strong>uiuificetA</strong></span> <span class='ocrx_word' id='word_1_251' title='bbox 780 3375 900 3432; x_wconf 89' lang='lat' dir='ltr'><strong>Vuifieet</strong></span> <span class='ocrx_word' id='word_1_252' title='bbox 919 3372 945 3426; x_wconf 94' lang='lat' dir='ltr'><strong><em>V</em></strong></span> <span class='ocrx_word' id='word_1_253' title='bbox 979 3377 1031 3428; x_wconf 82' lang='grc'><strong>003</strong></span> <span class='ocrx_word' id='word_1_254' title='bbox 1046 3389 1111 3428; x_wconf 87' lang='grc'>0000</span> 
     </span>
     <span class='ocr_line' id='line_1_36' title="bbox 95 3443 1110 3516; baseline -0.001 -16"><span class='ocrx_word' id='word_1_255' title='bbox 95 3452 223 3501; x_wconf 64' lang='lat' dir='ltr'><strong>uacuum</strong></span> <span class='ocrx_word' id='word_1_256' title='bbox 249 3445 384 3516; x_wconf 88' lang='lat' dir='ltr'><strong>V-equus</strong></span> <span class='ocrx_word' id='word_1_257' title='bbox 411 3450 543 3502; x_wconf 74' lang='grc'>0000002</span> <span class='ocrx_word' id='word_1_258' title='bbox 568 3445 619 3500; x_wconf 88' lang='lat' dir='ltr'><strong>VA</strong></span> <span class='ocrx_word' id='word_1_259' title='bbox 696 3465 724 3504; x_wconf 82' lang='lat' dir='ltr'><strong>u.</strong></span> <span class='ocrx_word' id='word_1_260' title='bbox 744 3453 801 3504; x_wconf 79' lang='lat'><strong>508</strong></span> <span class='ocrx_word' id='word_1_261' title='bbox 823 3443 1110 3502; x_wconf 66' lang='lat' dir='ltr'><strong>enumeraremus</strong></span> 
     </span>
     <span class='ocr_line' id='line_1_37' title="bbox 102 3515 1123 3574; baseline 0.006 -4"><span class='ocrx_word' id='word_1_262' title='bbox 102 3516 154 3570; x_wconf 89' lang='lat' dir='ltr'><strong>VA</strong></span> <span class='ocrx_word' id='word_1_263' title='bbox 226 3521 277 3572; x_wconf 84' lang='grc'><strong>008</strong></span> <span class='ocrx_word' id='word_1_264' title='bbox 296 3515 396 3572; x_wconf 88' lang='lat' dir='ltr'><strong>limitis</strong></span> <span class='ocrx_word' id='word_1_265' title='bbox 420 3517 447 3572; x_wconf 88' lang='lat' dir='ltr'><strong><em>V</em></strong></span> <span class='ocrx_word' id='word_1_266' title='bbox 462 3517 577 3574; x_wconf 84' lang='lat' dir='ltr'><strong>luminis</strong></span> <span class='ocrx_word' id='word_1_267' title='bbox 595 3520 623 3573; x_wconf 93' lang='lat' dir='ltr'><strong><em>A</em></strong></span> <span class='ocrx_word' id='word_1_268' title='bbox 1120 3539 1123 3542; x_wconf 88' lang='lat'>·</span> 
     </span>
    </p>
   </div>
   <div class='ocr_carea' id='block_1_4' title="bbox 0 0 1295 3956">
    <p class='ocr_par' dir='ltr' id='par_1_10' title="bbox 0 0 1295 3956">
     <span class='ocr_line' id='line_1_38' title="bbox 0 0 1295 3956; baseline 0 0"><span class='ocrx_word' id='word_1_269' title='bbox 0 0 1295 3956; x_wconf 95' lang='lat' dir='ltr'><strong> </strong></span> 
     </span>
    </p>
   </div>
  </div>
 </body>
</html>
