2578 3956
500 229 719 291 ..43-

28 384 88 434 0030
107 368 156 432 ille
179 369 288 432 autem
312 365 433 434 Oceani
455 370 584 432 tantum
607 367 772 433 descendit
793 367 829 432 in
852 388 984 452 aequor,

107 460 258 541 quantum
282 455 324 521 ab
347 455 493 522 caeruleo
518 457 618 522 distat
641 478 757 522 cancro
781 456 989 541 capricornus

104 548 133 610 et
155 567 252 629 quam
275 545 398 610 multus
421 546 500 609 item
523 548 585 628 est,
608 545 665 610 ubi
688 545 819 631 gurgite
841 544 978 628 protulit
997 549 1113 627 ortum,

103 637 212 699 tantus
235 633 271 698 in
293 632 446 698 aduersas
469 633 581 700 itidem
605 637 750 699 osteum
774 634 895 698 labitur
917 632 1020 698 undas

104 722 245 809 signifer.
290 722 324 786 in
348 723 468 808 spatio,
491 725 649 808 quantum
672 722 841 788 deducitur
864 743 938 786 orae

24 830 84 879 0005
103 812 242 877 ambitus
265 813 440 894 extremae,
462 812 575 895 puncti
597 812 667 878 uice
689 814 777 877 terra
799 809 936 876 locanda
959 814 1018 876 est.

101 901 185 965 unde
208 899 294 965 acies
318 900 419 966 oculis
443 921 515 965 cum
538 899 696 985 tenditur,
719 901 800 967 haec
823 922 950 986 quoque
973 901 1086 983 puncti

102 989 208 1054 sedern
231 988 340 1054 habet.
385 989 448 1054 hoo
472 989 564 1075 siguo
587 989 749 1074 procurrit
769 990 870 1056 missa
892 1011 950 1074 per
974 1011 1068 1071 auras

102 1076 251 1162 signiferi
273 1077 307 1141 in
331 1099 500 1142 summum.
545 1078 653 1143 medio
678 1079 715 1143 ds
737 1078 869 1143 tramite
893 1078 993 1162 siquis

101 1165 223 1252 dirigat
246 1166 379 1231 obtutus
403 1167 499 1253 agilis
521 1168 634 1251 procul
657 1167 780 1252 hosque
804 1167 948 1232 locorum

27 1273 83 1323 0040
102 1255 246 1320 defessos
268 1256 368 1341 longo
392 1256 499 1340 spatio
521 1261 612 1322 tener
635 1259 781 1340 amputet
803 1277 869 1320 aer:

101 1343 149 1423 id,
173 1344 256 1428 quod
279 1347 424 1411 contenti
445 1346 534 1410 uisus
559 1345 772 1429 abscinditur,
796 1343 894 1427 ultro,

101 1432 188 1518 siqui
211 1433 247 1498 in
269 1433 417 1519 signiferi
439 1435 585 1519 patulum
610 1434 814 1500 circumferat
837 1435 963 1518 orbem,

101 1543 159 1588 sex
182 1522 239 1586 olli
261 1523 365 1608 partis
388 1543 525 1609 magnas
549 1524 639 1590 dabit
662 1522 801 1589 ambitus
825 1544 910 1589 orae.

100 1616 156 1677 ast
176 1611 238 1676 hae
261 1612 409 1678 dimensa
433 1613 530 1696 spatii
553 1614 599 1678 sic
621 1613 693 1696 lege
715 1611 864 1676 locantur

21 1719 81 1768 1045
100 1700 242 1784 binaque
266 1700 380 1767 decisis
404 1701 574 1767 includunt
595 1701 744 1786 partibus
769 1703 865 1765 00000.
999 1769 1006 1786 ,

100 1788 159 1853 olli
182 1809 296 1854 cancer
318 1790 416 1874 inest,
439 1791 490 1854 leo
514 1790 701 1874 1100001000,
723 1788 835 1854 Attica
857 1789 965 1875 uirgo,

99 1876 235 1942 brachia
258 1881 334 1943 sunt
356 1879 469 1944 itidem
493 1880 658 1946 chelarum
682 1882 715 1944 00
739 1879 884 1962 scorpius
907 1879 991 1964 ipse,

99 1966 322 2051 arquitenens,
347 1970 476 2034 saetosa
499 1968 614 2034 dehinc
638 1968 760 2053 specior
785 1967 965 2052 capricorni

98 2055 256 2139 uoluitur,
279 2061 427 2122 auratam
450 2057 616 2141 protendit
638 2056 791 2140 aquarius
815 2077 943 2138 urnam,

21 2161 79 2211 0000
99 2149 170 2208 tum
193 2143 257 2208 duo
282 2149 358 2211 sunt
379 2145 498 2230 pisces,
522 2146 605 2210 aries
628 2150 741 2210 taurus
765 2143 957 2229 geminique.

98 2233 152 2297 his
176 2253 209 2296 00
233 2232 284 2297 bis
309 2235 394 2299 senis
418 2235 468 2300 sol
491 2235 643 2300 admouet
664 2232 778 2316 hisque
801 2253 968 2298 recurrens

99 2320 250 2386 omnibus
275 2322 418 2388 absoluit
439 2326 528 2389 totos
552 2321 741 2408 reparabilis
765 2343 877 2388 annos.

99 2431 197 2493 quem
221 2430 293 2475 cum
317 2411 466 2496 signiferi
490 2412 637 2498 graditur
660 2411 709 2477 sol
733 2433 848 2476 aureus
873 2412 996 2494 orbem,

98 2499 230 2584 singula
252 2498 437 2585 frugiparos
461 2500 616 2567 attollunt
637 2505 786 2583 tempora
809 2501 928 2564 uultus.

172 2785 241 2834 1034
260 2796 324 2835 orae
342 2795 358 2834 0
377 2781 463 2836 horae
487 2780 562 2836 VAc
627 2785 696 2834 1036
715 2778 804 2833 oculis
827 2777 880 2832 VA
898 2774 973 2832 oculi
992 2775 1115 2847 Scaliger

96 2851 136 2904 cd
155 2851 258 2906 Maait
278 2852 300 2903 Ι
317 2855 371 2906 554
445 2857 512 2906 1037
531 2853 585 2906 hoo
603 2868 619 2906 0
638 2866 688 2906 ora.
714 2849 756 2904 Vc
773 2849 803 2904 in
822 2848 850 2901 A
922 2853 991 2902 1039
1011 2846 1115 2918 dirigat

97 2923 125 2976 A
145 2921 257 2992 derigat
280 2921 308 2975 V
384 2927 452 2977 1040
471 2922 594 2978 defessos
612 2941 625 2976 c
644 2921 771 2976 defensos
796 2917 848 2973 VA
865 2921 875 2990 ΙΙ
892 2921 973 2974 00000
995 2918 1023 2972 V
1037 2920 1117 2975 tenet

97 2993 127 3048 A
182 2999 250 3049 1041
270 2992 442 3049 abscinditur
466 2993 493 3046 V
508 2991 661 3049 absciditur
679 2994 707 3046 A
763 2996 831 3045 1043
851 3007 899 3046 sex
916 3005 933 3044 0
952 2990 994 3044 Ex
1014 2990 1089 3046 Vna
1106 2991 1116 3061 ΙΙ

97 3079 164 3117 orae
186 3081 203 3118 0
226 3066 312 3119 horae
341 3063 416 3118 VAc
489 3068 558 3118 1044
583 3064 637 3118 hnc
660 3062 787 3117 dimensa
814 3061 841 3115 V
861 3060 947 3116 hoedi
969 3079 1066 3118 mensa
1088 3062 1116 3115 A

102 3138 170 3188 1045
189 3133 313 3204 binaque
331 3134 359 3187 A
377 3135 445 3188 bina
468 3134 676 3204 Vllincludunt
693 3151 709 3188 0
728 3132 875 3188 includant
901 3132 974 3188 VAc
1046 3137 1115 3186 1046

98 3205 249 3260 flammifer
267 3221 280 3261 c
298 3205 409 3260 fumifer
433 3205 460 3259 V
474 3205 595 3260 flamifer
612 3205 640 3259 A
700 3209 768 3259 1049
791 3205 914 3260 uoluitur
938 3204 965 3258 V
980 3203 1034 3258 Vel
1052 3219 1116 3256 oum

99 3291 208 3332 summa
234 3277 309 3350 potas
335 3276 431 3344 coquit
453 3278 486 3332 ia
503 3277 628 3332 uoluitur
645 3277 766 3331 mutauit
782 3291 883 3332 000000
900 3278 917 3329 1
936 3274 964 3327 A
983 3274 1116 3328 librarius

96 3363 149 3414 pro
167 3352 282 3403 01049
301 3348 452 3402 &arcticus
470 3354 529 3403 crat
547 3364 573 3402 0.
598 3353 653 3403 999
728 3352 795 3402 1031
819 3347 864 3401 his
888 3363 917 3399 se
940 3343 983 3397 bis
1007 3343 1080 3398 renio
1103 3360 1116 3400 c

99 3416 255 3474 His-sarbia
275 3419 348 3474 000ίο
373 3417 400 3472 V
414 3417 465 3472 His
484 3434 512 3472 se
531 3417 651 3473 bissenis
669 3419 697 3472 A
710 3418 720 3489 Η
735 3418 869 3474 admouet
886 3415 913 3467 V
928 3417 1072 3472 ammonet
1088 3417 1115 3470 A

101 3493 169 3544 1053
188 3505 272 3558 quem
292 3489 408 3546 Grotius
425 3504 498 3558 quae
522 3489 574 3543 VA
611 3493 681 3545 1054
698 3487 855 3558 frugiparos
879 3483 906 3538 V
921 3485 1069 3556 frugiferos
1088 3487 1115 3542 A

1082 3596 1095 3622 ἱ
