2578 3956
524 256 663 303 -vn
712 275 747 284 -

146 418 148 424 ·
218 378 289 444 Iam
317 401 395 444 uero
422 379 464 443 ed
493 378 652 444 edendum
675 377 795 444 Auieni
819 379 957 445 Arctum
984 381 1066 447 dnos
1090 381 1144 447 cd·

132 465 223 532 hibui
250 468 352 534 libros
379 489 478 532 menn
504 469 656 553 scriptos,
683 489 821 552 quornm
843 490 927 534 unus
950 471 1000 535 est
1022 469 1143 536 Vindo-

81 555 109 611 V
133 555 295 641 bonensis,
316 556 568 622 Mediolanensis
592 557 683 621 alter.
724 579 762 622 55
779 557 862 621 liber
880 556 1143 625 Vindobonensis

133 647 184 708 est
205 646 478 730 membranaceus,
501 645 621 710 5555511
642 645 767 730 decimi,
789 645 894 710 forme
912 648 1062 731 maxime,
1084 670 1143 714 nu-

131 753 221 798 mero
251 732 325 799 cxl
362 734 448 818 opud
478 733 724 819 melienorum,
760 735 897 819 cutuiog.
930 735 999 800 cod.
1031 736 1143 820 philol.

130 819 236 886 Latin.
262 845 291 906 p.
315 822 368 888 54.
417 823 584 907 seripturis
613 823 742 908 quidem
768 841 846 888 usus
875 829 948 888 sum'
974 823 1036 908 eis,
1062 845 1142 909 quas

131 909 208 974 olim
227 909 342 977 habuit
359 911 534 976 Mauricius
553 910 674 995 Haupt.
693 911 829 976 collatae
848 914 925 976 sunt
944 933 1017 977 cum
1036 933 1142 978 exem-

128 998 184 1081 plo
213 998 363 1064 editionis
391 997 673 1065 Sanctendrcenee
705 1003 738 1064 et
769 1000 804 1064 in
836 1021 874 1064 eo
901 1001 972 1085 ipso
1000 1004 1141 1066 notatae.

127 1084 272 1152 codicem
300 1087 406 1172 ipsum
433 1111 531 1154 uersu
562 1088 648 1154 1580
675 1088 763 1152 115111
790 1091 925 1153 constat.
975 1093 1143 1172 praetereo

128 1173 245 1239 desunt
267 1200 297 1241 5.
321 1176 395 1260 324,
420 1178 492 1256 713,
518 1178 612 1261 1013,
638 1177 733 1260 1014,
758 1176 852 1242 1409.
899 1197 972 1241 5515
991 1178 1047 1242 5111
1065 1181 1143 1242 sunt

127 1263 248 1347 mutili,
275 1268 345 1329 tum
374 1287 404 1331 u.
427 1266 493 1330 270
521 1265 643 1331 51570
670 1268 704 1330 51
731 1266 785 1349 qni
812 1265 878 1329 iem
900 1265 937 1330 in
959 1283 1050 1352 prog.
1072 1265 1141 1332 Erf.

128 1351 308 1418 afferendus
331 1353 394 1419 fuit
418 1355 518 1437 1079,
540 1375 624 1418 unus
648 1376 678 1418 u.
698 1352 763 1418 675
787 1354 885 1418 etiem
906 1375 1040 1418 ceesure
1059 1358 1141 1440 eget.

77 1439 107 1496 A
126 1437 379 1506 Mediolanensis
403 1446 512 1507 eutem
535 1447 586 1508 551
609 1463 648 1506 ex
670 1442 764 1508 libris
782 1441 1018 1527 Ambrosienis,
1041 1465 1141 1528 pepy-

125 1549 252 1613 reoeus,
280 1530 402 1595 saeculi
430 1531 535 1616 quinti
562 1531 690 1615 decimi,
719 1531 859 1596 secunde
885 1531 992 1596 forme
1017 1533 1141 1598 minore

125 1613 176 1700 (2⁰
198 1615 290 1704 min.)
314 1619 346 1682 is
366 1618 445 1683 olim
467 1619 529 1683 fuit
551 1618 674 1698 Bonini¹
693 1619 882 1684 Membritii.
927 1621 1065 1685 collatus
1091 1623 1142 1686 est

124 1725 144 1768 5
172 1703 317 1772 (1551515
345 1705 474 1791 Loewe,
492 1707 558 1772 ·cui
585 1707 692 1773 fecere
718 1729 786 1773 non
812 1728 946 1791 possum
974 1708 1052 1794 quin
1078 1709 1142 1774 hoc

124 1815 252 1878 qnoque
283 1796 355 1860 loco
387 1797 508 1881 gratias
539 1816 635 1881 egem
663 1819 703 1862 ex
729 1795 831 1861 animi
859 1797 1028 1862 sententie.
1077 1797 1140 1866 hoc

123 1880 207 1947 libro
243 1883 385 1968 primum
421 1885 628 1950 continentur
659 1885 777 1950 451551
809 1883 932 1950 415155
963 1907 1066 1970 usque
1099 1885 1140 1951 ed

123 1990 252 2035 uersum
277 1972 372 2036 1322.
417 1971 571 2059 leguntur
597 1975 673 2057 post
698 1971 846 2038 undecim
870 1973 1079 2038 duodecimne
1102 1974 1139 2038 li-

122 2079 256 2140 nearum
288 2060 430 2144 spatium
457 2083 595 2126 uacuum
622 2083 653 2126 u
683 2059 769 2126 1335
796 2081 897 2146 usque
925 2061 966 2125 ed
993 2085 1023 2126 n.
1054 2061 1137 2127 1581

122 2148 156 2211 et
191 2171 222 2214 u.
257 2148 343 2213 1750
380 2169 453 2213 cum
487 2149 634 2233 reliquis,
671 2148 788 2233 quibus
820 2148 1042 2233 subscriptum
1073 2152 1138 2216 est:

121 2233 232 2300 Ruffi
259 2235 367 2301 Festi
395 2237 539 2302 Arctus
572 2237 746 2321 explicit.
796 2236 942 2321 Incipit
969 2236 1138 2315 eiusdem

64 2357 66 2360 ·
122 2324 228 2390 orbis
247 2328 360 2408 terre.
398 2347 495 2412 quam
514 2324 643 2410 quidem
662 2325 913 2410 descriptionem
930 2325 1018 2390 orbis
1032 2329 1138 2392 151155

123 2413 286 2497 excipiunt
309 2413 505 2479 4151551515
526 2434 639 2480 uersus
663 2417 760 2479 115155
783 2414 906 2496 omissi,
931 2413 1017 2480 1582
1035 2436 1138 2499 usque

121 2499 162 2565 cd
190 2523 221 2566 u.
251 2502 347 2567 1749.
395 2503 431 2567 in
462 2501 575 2568 eodem
606 2503 772 2567 uolumine
803 2503 932 2586 praeter
964 2501 1045 2566 haec
1073 2502 1138 2567 duo

120 2587 240 2654 Auieni
271 2594 426 2674 poemate
457 2591 668 2656 inueniuntur
697 2589 881 2656 Germanici
908 2588 1031 2654 415155
1063 2610 1137 2655 cum

120 2677 191 2743 uite
204 2677 299 2743 41511
318 2683 351 2744 51
365 2678 560 2744 4151551515
574 2677 740 2746 Ciceronis
758 2677 913 2762 reliquiae
930 2675 984 2763 (51.
998 2676 1136 2743 Hermes

119 2764 181 2830 XV
204 2789 234 2851 p.
261 2767 325 2832 180
347 2789 378 2832 5.
401 2765 468 2852 50)
514 2767 570 2832 sed
593 2769 628 2832 in
646 2768 749 2832 Arato
774 2765 891 2833 Anioni
913 2765 1137 2831 desiderentur

119 2877 149 2920 u.
169 2855 244 2939 324,
268 2856 343 2939 624,
366 2855 441 2939 625,
465 2856 539 2940 713,
565 2856 660 2939 1013,
686 2855 781 2939 1014,
805 2855 900 2939 1300,
926 2854 1012 2920 1323
1035 2869 1136 2940 usque

119 2943 160 3008 ad
178 2943 321 3027 51334,
343 2943 437 3028 1409,
458 2944 552 3008 1743.
590 2944 631 3009 ad
649 2941 885 3028 quinquaginta
903 2963 1017 3009 uersus
1039 2945 1136 3008 muti·-

117 3032 177 3096 luti
205 3035 293 3115 sunt,
320 3032 366 3096 in·
382 3032 511 3170 quibusb
527 3054 558 3096 u.
581 3033 649 3172 270
676 3031 797 3136 51570
824 3031 975 3098 511079.
1021 3054 1135 3097 551555

118 3195 228 3256 eutem
251 3190 317 3256 675
339 3191 440 3256 hebet
461 3191 552 3278 fuge
576 3191 727 3257 sollers.
764 3213 836 3258 cum
859 3212 937 3257 ucro
955 3190 1040 3255 liber
1057 3189 1135 3255 Am·

117 3279 289 3346 brosianns
323 3279 368 3346 511
392 3280 635 3346 recentissimus
662 3301 767 3365 neque
794 3281 834 3346 do
861 3279 1035 3364 archetypo
1062 3279 1134 3362 ipso

119 3367 299 3452 descriptus
318 3389 388 3434 esee
406 3369 520 3454 possit,
538 3370 609 3434 iure
627 3369 841 3436 dubitandum
855 3372 914 3452 est,
932 3389 976 3433 en
989 3369 1136 3440 mutetur

118 3456 174 3521 1115
194 3457 277 3522 'ordo
300 3459 475 3523 uerborum
499 3457 677 3542 archetypo
697 3479 765 3524 non
783 3458 948 3522 debeatur.
984 3455 1136 3540 5111115111
