2578 3956
513 193 730 259 ..39-

39 349 96 398 020
114 337 271 422 pigraque
295 335 510 420 rescierunt,
534 333 624 400 sedes
648 337 764 402 sortita
787 337 924 421 priores,

114 424 232 489 omnia.
278 446 345 489 non
367 425 443 488 illas
468 423 586 489 animis
610 425 786 490 audacibus
810 445 902 510 crgo,

113 514 256 577 carmine
279 533 345 578 non
369 533 464 578 caeco
487 513 728 596 temptabimus.
774 513 837 580 hoo
860 514 939 578 satis
962 535 1062 582 unum

113 623 205 666 musa
229 601 323 683 mihi,
347 602 425 666 satis
449 601 510 665 hoo
533 601 624 686 longi
648 602 741 668 labor
764 602 866 688 egerit
889 603 974 688 aeui,

114 691 140 753 si
164 690 341 756 defixarum
364 711 476 754 cursus
500 694 533 754 ct
555 691 650 776 signa
672 693 823 755 retexam.

40 793 95 840 930
158 776 320 854 Quattuor
343 778 447 843 aerios
470 799 569 842 zonae
592 779 720 844 cinxere
743 784 882 865 meatus,

114 870 269 951 quattuor
292 865 352 931 has
375 887 486 932 cursus
511 869 544 931 et
565 870 714 950 tempora
736 889 832 933 nosse
855 869 1018 934 uolentem

114 957 194 1020 scire
219 959 271 1019 sat
295 958 351 1020 est.
398 955 476 1040 quin
500 955 593 1040 signa
616 957 714 1021 etiam
739 961 814 1021 sunt
837 960 992 1041 quattuor
1014 959 1087 1024 istis

113 1044 266 1128 plurima,
290 1065 370 1128 quae
393 1045 482 1109 zonis
504 1045 673 1110 haerentia
696 1045 946 1111 conuoluuntur.
1032 1041 1033 1044 '

113 1134 204 1215 ipsae
228 1133 421 1198 inconcussa
443 1132 624 1198 retinentur
647 1134 720 1199 sede
744 1156 802 1219 por
826 1155 928 1199 annos

43 1235 94 1284 935
114 1224 290 1307 mutuaque
313 1222 459 1306 implexae
483 1221 613 1287 sibimet
635 1224 798 1290 consortia
821 1223 981 1308 mordent,

116 1313 151 1374 at
174 1311 288 1375 modus
310 1311 346 1374 in
368 1310 456 1375 binis
479 1311 690 1395 protenditur.
736 1334 833 1378 aurea
855 1313 943 1398 pepli

115 1398 220 1464 sidera
243 1401 395 1466 nocturni
419 1401 446 1464 si
469 1405 652 1484 suspectare
676 1401 791 1466 libebit

113 1510 172 1554 neo
196 1489 347 1555 scindunt
370 1490 510 1554 medium
533 1489 695 1555 Phoebeia
718 1491 841 1554 lumina
865 1512 1021 1574 mensem,

113 1579 272 1664 langueat
293 1582 330 1644 ut
354 1579 456 1644 stellis
481 1578 603 1662 species
628 1578 738 1662 hebes,
762 1579 871 1643 omnia
895 1579 976 1642 caeli

39 1681 95 1730 940
114 1667 311 1732 inlustrante
335 1667 394 1732 dea
418 1667 626 1732 acflammas
650 1670 823 1751 superante
846 1667 1000 1750 minores,

114 1755 194 1820 orbe
218 1756 273 1820 sed
295 1755 377 1822 haut
399 1757 495 1840 pleno
520 1756 598 1820 sinit
621 1756 690 1840 igni
712 1756 836 1820 feruere
860 1759 955 1822 acuto

81 1899 83 1902 .
113 1844 233 1909 sidera:
257 1845 423 1910 candentis
449 1845 587 1928 speciem
612 1865 708 1929 super
730 1844 852 1928 inspice
875 1845 991 1914 lactis

112 1933 262 2023 protendi
287 1934 384 1999 caelo.
431 1933 521 1998 color
544 1933 601 1998 olli
623 1954 742 1998 nomen
767 1934 807 2000 ab
831 1937 905 1998 ortu

111 2020 296 2106 primigeno
321 2022 445 2086 statuit.
491 2021 537 2086 sio
560 2043 674 2086 zonam
698 2021 832 2086 Graecia
856 2021 971 2086 sollers

39 2123 92 2173 945
113 2110 331 2194 concelebrat,
354 2113 467 2176 nostro
492 2111 538 2174 sio
561 2111 687 2174 balteus
713 2131 766 2174 ore
789 2112 931 2175 notatur.

113 2219 180 2262 non
204 2199 261 2263 isti
283 2199 390 2264 forma
413 2198 528 2263 similis
552 2197 706 2262 similis‘ue
731 2199 838 2264 colore

113 2287 251 2352 circulus
275 2291 325 2352 est
348 2288 444 2373 alius,
467 2286 582 2352 modus
606 2291 639 2352 et
661 2309 813 2352 mensura
838 2286 962 2353 duobus

113 2379 164 2440 est
187 2397 308 2459 conpar
332 2376 424 2458 solis,
448 2376 529 2441 alios
553 2375 616 2442 duo
640 2378 770 2460 parcior
793 2379 878 2442 artat

112 2464 201 2528 linea
223 2486 281 2529 neo
305 2465 408 2529 multa
431 2464 533 2528 trahit
554 2466 637 2530 istos
661 2466 803 2531 ambitus
827 2465 948 2530 aethra.

39 2566 91 2616 950
156 2551 282 2617 Horum
306 2553 402 2634 alius,
426 2552 497 2618 duri
520 2575 583 2637 qua
607 2553 741 2620 soluunt
763 2552 867 2617 flabra
890 2552 1057 2636 aquilones
1124 2579 1125 2583 ¹

112 2645 145 2705 ct
168 2663 232 2725 qua
254 2641 471 2725 praecipitant
493 2642 637 2707 borealia
659 2641 791 2705 flamina
815 2661 899 2724 sese,

183 2819 236 2869 925
264 2815 343 2870 sedes
371 2815 398 2868 A
426 2815 490 2868 sede
523 2815 550 2868 V
624 2819 675 2870 927
703 2813 904 2883 temptabimus
932 2813 1115 2880 (tentabimus

112 2885 227 2941 Grotius
249 2887 450 2956 temptauimus
478 2885 529 2939 VA
601 2903 628 2940 0.
648 2887 703 2940 930
726 2885 888 2940 inscribitur
907 2881 1051 2939 CIRCVLI
1075 2885 1127 2940 VA

112 2962 163 3010 931
187 2957 240 3011 has
266 2956 293 3010 V
312 2959 362 3011 hos
384 2957 412 3010 A
498 2961 550 3010 935
577 2954 707 3078 infilexae
735 2955 879 3028 (implexa)
907 2955 934 3009 A
962 2955 1075 3026 inplexa
1104 2955 1131 3010 V

113 3032 165 3082 938
183 3027 313 3082 scindunt
324 3027 362 3080 .V
378 3027 503 3083 condunt
521 3027 549 3080 A
561 3027 607 3096 lP
628 3025 726 3082 oebeia
744 3043 757 3082 e
776 3026 902 3081 Phobeia
925 3025 951 3079 V
967 3027 1081 3082 Plebeia
1099 3027 1126 3081 A

113 3103 164 3152 939
184 3099 319 3169 langueat
336 3100 369 3152 ut
388 3097 477 3153 stallis
492 3097 605 3153 Grotius
622 3098 740 3167 languet
757 3099 790 3150 ut
807 3096 837 3151 in
856 3097 947 3152 stellis
969 3097 994 3152 V
1009 3098 1128 3166 languat

112 3169 191 3223 utin
211 3168 505 3240 stellisAllhebesA
524 3168 590 3223 ebes
607 3167 635 3222 V
668 3173 718 3222 941
737 3167 798 3240 igni
817 3168 973 3238 VignisA
1011 3174 1062 3223 943
1076 3167 1128 3222 olli

112 3256 214 3294 nomen
234 3239 259 3294 V
272 3239 308 3295 ob
321 3239 446 3296 linomen
460 3241 488 3294 A
525 3245 577 3293 944
591 3239 747 3308 primigeno
766 3238 793 3293 V
803 3237 936 3310 pinigero
951 3239 978 3292 A
1020 3243 1072 3293 948
1086 3241 1128 3294 est

118 3310 191 3366 Vct
209 3310 236 3363 A
254 3313 263 3380 l}
280 3313 392 3381 parcior
414 3327 428 3365 e
449 3327 553 3380 paruor
580 3310 608 3364 V
628 3310 707 3365 aiuor
730 3317 793 3366 onte
816 3309 895 3365 aiuor
918 3310 1038 3364 duorum
1059 3311 1128 3364 litte·

113 3397 209 3435 rarum
232 3384 353 3451 spatium
375 3397 497 3436 uacuum
519 3382 546 3436 A
638 3385 689 3436 950
712 3397 768 3450 qua
791 3381 905 3436 soluunt
928 3380 1041 3436 Grotius
1064 3397 1128 3436 cum

114 3452 228 3507 soluunt
250 3452 277 3507 V
291 3453 463 3508 oonuoluunt
481 3453 508 3506 A
581 3457 632 3506 951
651 3468 708 3520 qua
727 3452 841 3507 Grotius
859 3467 922 3504 cum
947 3449 999 3505 VA
