2578 3956
115 352 237 420 11675
266 374 378 437 expers
408 376 558 421 caesurae
586 359 645 420 est.
690 356 725 420 in
748 356 882 440 reliquis
905 360 1016 422 tamen
1040 358 1135 424 rebus

115 465 248 528 prorsus
281 441 347 507 1111
380 445 430 508 est
463 443 608 510 oondieio
641 444 719 509 libri
746 444 865 509 Aldini.
915 468 1020 531 neque
1049 446 1136 512 enim

116 531 261 598 dubitari
284 531 388 616 debet,
413 532 492 616 quin
511 533 567 598 ille
587 533 832 598 emendatorum
851 555 966 599 manus
986 539 1135 618 expertus

117 619 163 686 sit
198 616 251 706 (ef.
280 619 416 685 Hermes
444 619 508 686 XII
540 643 571 705 p.
600 621 666 687 155
695 644 726 686 1.
753 622 797 686 22
824 644 855 706 p.
887 622 948 687 157
978 623 1076 690 1125
1103 628 1138 689 et

116 729 226 795 progr.
248 708 319 773 arf.
341 732 373 793 p.
395 707 444 774 VI
458 706 529 796 sq.).

206 795 317 862 Etiam
350 796 569 864 emendatiora
599 798 699 864 uerba
726 801 841 882 poetae
868 799 1045 864 reddidisse
1074 800 1137 865 sibi

116 887 208 950 uisus
228 887 278 950 est
296 883 481 952 Ioaehimus
500 886 681 972 Perionius,
699 887 754 972 qui
773 885 933 973 ‘Vergilii
954 886 1137 954 Germanioi

118 973 267 1040 (laeseris
287 976 320 1038 et
332 973 408 1040 Rufi
422 975 542 1040 Auieni
561 975 713 1058 earmina,
731 975 773 1041 iis
791 975 1020 1061 respondentia
1033 975 1136 1058 Arati,

121 1084 203 1147 quae
218 1060 404 1128 aOioerone
418 1085 576 1130 conuersa
588 1063 833 1129 interciderunt'
849 1086 935 1129 anno
945 1063 1137 1130 MDXXXX

119 1151 255 1216 Parisiis
275 1151 453 1217 emittenda
471 1153 607 1219 ourauit.
647 1153 737 1218 ouius
755 1153 910 1218 lectiones
930 1174 1002 1218 oum
1022 1153 1062 1219 ab
1080 1153 1138 1217 Al-

121 1240 206 1304 dinis
230 1261 327 1324 saepe
346 1239 522 1325 discedant,
545 1244 615 1307 tum
634 1240 829 1325 aliquotiens
851 1245 1046 1325 oonorepant
1064 1263 1138 1307 oum

121 1328 230 1394 eodioe
253 1327 486 1412 Ambrosiano,
513 1330 605 1394 uelut
626 1352 657 1394 u.
683 1330 769 1394 1664
792 1329 881 1395 etin
908 1330 971 1395 hoe
998 1330 1082 1395 libro
1105 1333 1139 1394 et

122 1415 208 1500 apud
222 1413 409 1484 Perionium
428 1421 477 1482 est
496 1439 645 1482 saeuus.
681 1439 786 1503 neque
804 1421 914 1483 tamen
931 1418 985 1482 ille
1000 1419 1138 1482 multum

120 1504 264 1589 perfecit.
316 1505 431 1570 melius
461 1509 570 1571 autem
598 1506 727 1571 Aniene
760 1507 923 1572 consuluit
957 1506 1137 1572 Guilelmus

121 1593 286 1677 Morelius,
308 1595 363 1678 qui
387 1615 472 1660 anno
491 1592 683 1660 MDLVIIII
702 1594 843 1678 primum
861 1593 981 1658 Auiani
1000 1595 1138 1659 Aratum

122 1703 194 1749 oum
220 1682 324 1747 Arato
347 1683 419 1767 ipso
436 1682 571 1748 Parisiis
594 1682 730 1748 excudit
766 1682 834 1747 eius
852 1683 1000 1766 uestigiis
1018 1683 1140 1748 institit

124 1770 311 1836 Theodorus
335 1769 563 1855 Graminaeus,
586 1771 678 1838 ouius
701 1771 784 1837 liber
807 1793 892 1837 anno
915 1769 1139 1836 MDLXVIIII

87 1883 104 1921 1
124 1856 278 1924 Coloniae
300 1860 423 1944 prodiit
441 1857 495 1946 (of.
512 1859 626 1944 Bnhle,
649 1859 740 1926 Aret
759 1859 776 1924 I
794 1881 825 1943 p.
843 1856 961 1945 XXII).
998 1859 1139 1925 Manutii

124 1951 232 2012 autem
256 1952 289 2013 et
307 1947 434 2016 Moralii
458 1970 556 2033 opera
580 1949 721 2034 quaein
738 1947 868 2015 Arateis
892 1950 985 2013 erant
1003 1950 1138 2032 mutata

123 2057 162 2100 ea
184 2035 253 2100 fere
277 2038 387 2102 omnia
410 2036 451 2102 ab
471 2037 630 2121 omnibus,
653 2059 736 2122 quae
754 2040 869 2121 postea
886 2036 945 2100 illa
963 2035 1139 2121 ediderunt,

124 2127 201 2190 sunt
223 2129 362 2209 recepta.
400 2125 447 2190 sie
465 2126 600 2210 uulgata
618 2125 776 2209 quaedam
795 2124 954 2210 poematis
973 2125 1138 2209 memoria,

123 2234 196 2278 eum
218 2213 350 2298 illorum
371 2214 515 2279 uirorum
533 2213 647 2279 studiis
666 2217 739 2279 orta
758 2217 851 2297 esset,
874 2234 976 2297 usque
995 2212 1037 2276 ad
1053 2212 1139 2278 hane

124 2304 264 2368 aetatem
282 2305 466 2388 propagata
482 2305 542 2367 est.
571 2324 591 2368 1
605 2324 670 2387 qua
683 2303 738 2387 qui
752 2324 837 2368 anno
850 2293 1139 2367 MDLXXXVIIII

123 2389 298 2456 editionem
312 2388 608 2456 Sanotandreanam
623 2391 802 2473 exornauit,
816 2391 883 2456 iam
895 2411 963 2456 non
977 2388 1139 2456 abhorret

121 2499 162 2542 ne
178 2476 311 2544 Grotius
330 2479 460 2563 quidem
480 2479 567 2545 aliud
585 2479 834 2545 fundamentum
851 2478 1013 2561 poematis
1031 2498 1137 2542 emen·

122 2565 221 2632 dandi
239 2589 360 2651 ponere
379 2567 511 2634 studuit.
549 2589 747 2653 quamquam
765 2568 863 2632 homo
877 2567 934 2630 ille
947 2565 1137 2650 ingeniosus

123 2654 188 2720 ‘uix
216 2659 342 2722 sextam
370 2677 518 2742 egressus
543 2655 721 2722 'trieterida'
745 2655 907 2720 Auienum
932 2651 1139 2756 syntagmati

122 2744 309 2898 {tutti
322 2742 909 2916 “ttttttlsstttltssttss
922 2741 1140 2916 il‘ttlsstl

121 2919 214 2986 illum
234 2919 365 2986 Arateis
389 2942 521 3005 operam
543 2920 712 2986 nauabant
734 2941 818 3003 quae
836 2917 969 2984 Grotius
989 2917 1139 2983 emenda·

120 3012 215 3074 uerat
245 3009 416 3093 repetiisse
447 3009 528 3074 eatis
560 3007 727 3073 haberent.
781 3007 814 3073 id
846 3005 993 3072 feeerunt
1023 3006 1138 3072 Petrus

121 3096 243 3162 Melian
263 3094 306 3181 (a
324 3095 585 3182 MDOXXXIV)‚
606 3095 745 3162 Ioannes
764 3095 870 3161 Bnhle
888 3093 932 3183 (a
950 3093 1139 3180 Mecum),

121 3185 158 3252 F.
177 3183 391 3252 1111111111
415 3184 461 3272 (a.
476 3182 746 3270 MDOOOXVH),
769 3206 907 3270 quorum
931 3184 970 3249 de
991 3183 1139 3248 editioni·

121 3274 184 3341 bus
214 3295 320 3359 nuper
347 3274 558 3340 disseruimus
585 3273 640 3356 (11
668 3295 778 3360 progr.
805 3273 875 3340 arf.
902 3295 931 3357 p.
956 3268 1060 3356 VIII).
1105 3275 1141 3336 at

122 3363 227 3432 multo
246 3363 322 3447 plus
339 3363 514 3428 ualuerunt
532 3362 574 3430 11
587 3363 750 3429 Auienum
763 3360 998 3428 restituendum
1012 3359 1139 3426 Nioolai

123 3447 251 3518 Heineii
279 3453 535 3536 emendationes,
563 3472 645 3536 quae
669 3449 875 3536 syntagmati
899 3447 1057 3518 Grotiano
1085 3448 1139 3514 ad·
