2578 3956
489 1054 803 1129 PRAEFATIO.

226 1209 340 1274 Rufius
363 1208 478 1275 Festus
501 1211 657 1295 Auienus,
678 1212 707 1276 is
730 1211 786 1296 qui
808 1210 1039 1277 Phaenomena
1061 1211 1156 1278 Arati

137 1299 173 1363 in
191 1298 346 1364 Latinum
364 1300 532 1383 conuertit,
555 1299 684 1365 uidetur
702 1299 786 1365 idem
807 1321 887 1385 csse,
911 1300 966 1386 qui
988 1300 1067 1369 fecit
1090 1303 1155 1386 epi-

138 1408 285 1474 gramma
303 1387 342 1452 de
361 1409 395 1452 so
410 1387 451 1452 ad
465 1388 558 1452 dcam
570 1387 603 1453 N
605 1387 765 1474 ortiam.*)
798 1389 826 1454 is
841 1410 915 1454 eum
928 1411 1025 1455 uersu
1039 1389 1154 1474 quinto

136 1477 225 1542 illius
245 1475 489 1560 epigrammatis
507 1476 546 1542 do
561 1477 672 1542 multis
687 1477 884 1543 carminibus
900 1479 967 1543 suis
981 1478 1154 1563 praedicet,

139 1564 284 1630 diuersus
308 1587 377 1630 csse
400 1565 456 1630 uix
478 1568 589 1649 potest
612 1567 653 1631 ab
677 1588 724 1650 eo,
748 1567 803 1651 qui
827 1588 899 1632 cum
923 1567 988 1631 alia
1011 1567 1156 1631 carmina

138 1655 265 1719 minora
288 1674 359 1718 corn
385 1654 472 1719 osuit
495 1651 549 1739 (of.
571 1653 773 1720 Wcrnsdorf.
794 1659 879 1738 poet.
897 1653 968 1720 Lat.
987 1655 1065 1720 min.
1087 1653 1115 1720 V
1134 1655 1155 1719 3

136 1766 168 1828 p.
194 1741 278 1808 1296
294 1676 387 1829 sqqt,
414 1747 485 1806 tum
514 1747 546 1806 et
569 1743 664 1807 Arati
686 1742 915 1809 Phaenomena
942 1747 975 1808 et
1003 1741 1158 1828 Dionysii

137 1831 323 1918 Periegcsin
345 1829 462 1896 Latine
489 1830 629 1896 reddidit
652 1836 685 1896 et
708 1831 747 1897 de
772 1853 829 1898 ora
852 1832 1018 1898 maritima
1040 1853 1154 1897 uersus

137 1921 212 2004 plus
240 1941 305 1986 uno
333 1920 417 1985 libro
446 1921 632 2004 complexus
657 1923 720 2004 est,
748 1921 887 2004 denique
910 1923 1017 1986 totum
1039 1917 1155 2004 Vorgi-

137 2009 227 2093 lium,
250 2011 286 2074 ut
309 2008 357 2072 ait
375 2007 505 2074 Seruius
529 2009 571 2073 ad
589 2009 669 2073 Aen.
688 2007 719 2072 X
737 2009 813 2093 388,
836 2011 869 2072 et
887 2007 1016 2073 Liuium
1038 2007 1156 2074 iambis

140 2097 271 2181 scripsit
299 2095 352 2182 (oi.
377 2094 580 2161 Wernsdorf.
609 2096 721 2162 eodem
748 2097 831 2161 libro
859 2095 908 2161 IV
932 2097 953 2162 2
980 2119 1011 2180 p.
1034 2095 1099 2161 553
1124 2093 1155 2159 V

138 2187 159 2252 2
183 2209 213 2270 p.
237 2183 325 2272 652).
372 2184 522 2249 eiusdem·
544 2184 686 2250 hominis
714 2187 908 2270 cognomen,
936 2184 998 2250 atsi
1025 2184 1061 2248 in
1089 2183 1155 2269 epi·

139 2274 330 2360 grammatic
357 2273 570 2358 inscriptione
598 2273 700 2358 deest,
728 2274 762 2337 in
789 2274 847 2339 illo
875 2275 948 2360 ipso
976 2295 1044 2338 non
1071 2271 1156 2338 desi·

210 2500 237 2568 ³¹²)
256 2500 285 2556 O.
303 2499 324 2555 I.
345 2501 375 2554 L.
395 2499 434 2554 VI
452 2499 483 2554 P.
503 2501 516 2555 Ι
535 2520 561 2557 n.
581 2506 634 2556 63⁷
651 2519 679 2570 p.
701 2506 765 2556 103:

151 2571 172 2626 Ι.
191 2570 308 2641 lt(ufius)
323 2571 422 2626 Festus
441 2571 505 2641 v(ir)
526 2570 719 2640 comissimus)
738 2572 773 2626 do
793 2587 823 2625 se
841 2570 878 2626 ad
893 2570 975 2626 deam
991 2567 1155 2640 Norti[am].

209 2642 322 2710 Festus,
340 2639 451 2697 Musoni
470 2642 583 2698 suboles
601 2643 748 2712 prolesque
768 2639 884 2708 Avieni,

210 2713 283 2768 undo
301 2713 344 2767 tui
362 2712 462 2768 latices
480 2714 641 2782 traxerunt,
660 2711 772 2782 Caesia,
791 2727 905 2777 nomen,

209 2783 322 2852 Nortia,
340 2785 370 2838 te
388 2799 518 2853 veneror,
537 2781 602 2838 Lari
622 2785 714 2838 cretus
732 2781 917 2851 Vulsiniensi,

209 2853 331 2910 Romam
347 2853 493 2922 habitans,
512 2853 625 2924 gemino
643 2852 817 2924 proconsulis
836 2853 935 2908 anctus
952 2852 1097 2924 honor[e]‚

174 2931 190 2980 5
211 2925 335 2980 carmina
352 2923 443 2979 multu
462 2941 568 2992 serens,
587 2923 676 2979 vitum
693 2924 803 2994 insons,
821 2923 933 2992 integer
951 2924 1088 2994 aev(u)m,

210 2994 340 3066 coniugio
358 2995 450 3052 laetus
467 2995 601 3050 Placidae
619 3011 792 3064 numeroque
810 2993 952 3078 frequenti

209 3068 341 3120 natorum
359 3065 495 3121 exultans.
532 3064 616 3121 vivax
635 3066 673 3120 sit
691 3065 805 3136 spiritus
824 3065 902 3121 ollrsl

211 3137 305 3192 cetera
322 3137 480 3207 composita
497 3136 621 3192 fatorum
639 3137 704 3207 lego
721 3137 877 3192 trahentur.

135 3208 172 3266 11.
192 3209 290 3264 sancto
308 3207 383 3277 patri
401 3207 475 3262 filius
494 3205 634 3264 Placidus.

209 3279 267 3334 Ibis
284 3280 315 3334 in
334 3279 445 3349 optatas
464 3279 557 3335 sedes:
575 3296 642 3336 uam
660 3277 789 3349 Iuppiter
807 3278 935 3336 aethram

245 3348 358 3420 pandit,
375 3349 471 3418 Festo,
489 3349 555 3417 tibi,
574 3349 709 3406 candidus
727 3352 760 3404 ut
777 3348 883 3406 venias.

212 3420 343 3490 iamq(ue)
361 3420 449 3477 venis.
486 3419 580 3476 tendit
597 3421 709 3477 dextras
727 3422 828 3478 chorus
846 3419 913 3476 inde
931 3418 1047 3473 deorum

246 3494 276 3547 et
293 3493 354 3547 toto
373 3491 427 3547 tibi
444 3491 502 3548 iam
520 3491 666 3562 plauditur
683 3509 748 3549 ecce
766 3491 842 3562 polo.
