2578 3956
508 219 722 281 ..47-

19 372 95 421 1135
111 357 236 443 longior
258 361 486 444 extremaeque
509 358 621 442 polum
643 357 731 424 subit
753 357 867 444 indige
888 359 1023 445 caudae,

111 469 205 512 curua
228 443 303 512 (lhii
326 448 414 512 caelo
438 468 512 513 cum
536 450 674 532 surgunt
696 446 832 512 brachia
854 447 948 532 signi.

108 535 230 618 inspice
254 557 312 601 ceu
336 535 450 601 dextra
472 535 631 601 referatur
654 536 696 600 ab
720 535 850 600 aethere
872 536 986 621 planta

107 624 202 709 inque
226 645 312 709 genu
334 627 463 689 tentum
486 624 580 690 nixus
603 623 683 709 pede
705 624 851 708 proferat
873 627 989 690 crtum.

107 712 167 778 isto
189 713 281 796 lyrae
303 713 418 778 rutilat
440 711 656 778 conterminus
680 712 783 797 adque
807 712 867 778 sub
890 713 985 778 undis

17 815 91 864 1140
108 801 159 866 hic
183 801 327 866 tenebris
351 801 434 884 petit
458 800 583 866 occidui
605 800 690 866 uode
713 801 842 866 caerula
864 800 956 885 pont‘

107 892 139 954 et
164 911 241 954 mox
264 887 393 954 Oceano
416 892 583 974 reparatur
606 890 711 954 clarus
735 911 803 955 eoo.

106 998 179 1043 oum
204 977 306 1043 chelis
330 977 431 1063 igitur
452 978 533 1062 pede
556 981 684 1042 tantum
707 977 867 1060 promitur
890 999 964 1043 uno.

104 1066 176 1149 ipse
200 1065 316 1131 dehinc
339 1088 452 1131 uersus
475 1067 587 1152 procul
610 1066 645 1130 in
668 1069 766 1150 caput
788 1066 903 1131 ultima
925 1066 1062 1131 monstri

104 1157 200 1240 terga
225 1159 349 1239 manet,
373 1159 493 1240 manet,
517 1155 724 1239 arquitenens
749 1154 824 1218 dum
848 1155 974 1238 spicula
997 1155 1086 1222 caelo

20 1257 85 1307 1145
104 1245 217 1308 exerat
240 1246 273 1307 et
296 1264 412 1325 supera
434 1244 541 1308 uibret
563 1243 702 1308 bellator
725 1243 759 1308 in
783 1241 904 1308 aethre.

103 1331 167 1396 hoc
190 1331 279 1396 sidus
303 1331 462 1396 reuehunt
484 1332 607 1415 chelae3
631 1353 704 1397 orus
728 1331 872 1416 scorpius
896 1331 979 1416 ipse,

104 1422 214 1483 cetera
236 1441 308 1484 cum
332 1419 451 1504 medio,
474 1422 601 1486 laeuam
625 1425 659 1486 et
682 1424 780 1504 caput
804 1441 923 1504 oraque
947 1442 1075 1486 sursum

104 1527 199 1572 arcus
223 1507 300 1592 agit.
345 1509 450 1573 tribus
474 1509 527 1573 hio
551 1509 683 1575 tandem
706 1511 902 1573 remorantia
925 1510 1073 1575 membra

102 1595 254 1679 partibus
277 1596 424 1681 erigitur,
447 1597 511 1662 tria
533 1601 640 1662 totum
664 1597 800 1680 denique
825 1596 919 1680 signa

17 1700 84 1748 1150
103 1684 280 1750 absoluunt
301 1685 426 1770 pelago.
472 1685 596 1750 mediae
619 1688 689 1750 tum
713 1687 799 1749 serta
822 1705 960 1750 coronae

102 1775 137 1836 et
160 1794 243 1857 quoe
266 1770 428 1839 Centauro
452 1773 640 1839 diffunditur
664 1773 783 1837 extima
807 1771 921 1856 cauda,

100 1860 207 1944 prima
231 1862 381 1926 uenenati
404 1882 477 1926 cum
500 1865 619 1947 repunt
638 1861 772 1926 brachia
795 1861 944 1946 monstri,

102 1952 243 2035 surgunt
265 1947 384 2014 Oceani
406 1949 472 2013 iam
495 1951 633 2035 gurgite.
679 1953 713 2014 et
735 1950 849 2014 ultima
872 1949 970 2034 cygni
1029 1999 1032 2004 -

101 2039 136 2101 et
159 2040 259 2121 caput
281 2037 363 2102 acris
387 2037 461 2122 equi
484 2038 604 2121 premit
627 2058 775 2120 aequora.
820 2037 885 2100 iam
909 2036 1022 2121 procul
1045 2037 1109 2102 ista

18 2141 81 2191 1155
101 2126 272 2191 marmoris
296 2125 418 2190 occidui
441 2126 570 2210 penitus
594 2125 715 2210 petiere
739 2124 948 2209 profundum,

99 2214 222 2279 hausta
245 2214 322 2279 salo.
358 2216 456 2298 caput
476 2213 701 2278 Andromedae
724 2213 810 2278 freta
832 2216 927 2279 uasta
949 2217 1117 2298 receptent

100 2322 140 2366 ao
163 2300 373 2366 formidatam
396 2301 511 2367 deuexi
533 2301 664 2366 cardine
687 2301 800 2366 mundi

99 2389 266 2475 fluctigeni
290 2391 427 2473 speciem
451 2391 590 2455 monstri
614 2413 711 2476 super
734 2391 858 2456 inuehit
880 2395 1001 2456 auster.

100 2477 158 2543 sed
181 2478 298 2542 boreae
321 2478 360 2543 dc
383 2482 475 2563 parte
498 2479 600 2545 trucis
623 2479 714 2544 uelut
736 2499 854 2564 aggere
878 2481 918 2543 ab
944 2480 1011 2544 alto

100 2621 315 2630 m—

175 2693 242 2742 1135
262 2689 459 2757 extremaeque
473 2689 500 2744 A
519 2690 698 2758 extremoque
718 2688 765 2758 Vll
778 2685 875 2756 indiga
893 2703 909 2740 o
928 2686 1021 2742 indica
1041 2687 1115 2744 VAe

102 2763 171 2813 1136
196 2775 259 2812 cum
282 2761 400 2829 surgunt
418 2759 532 2816 Grotiuo
554 2760 726 2828 consurgunt
749 2757 801 2812 VA
818 2759 828 2828 ll
847 2756 920 2826 signi
938 2758 965 2811 A
987 2757 1068 2827 signa
1092 2760 1118 2814 V

101 2835 171 2884 1189
186 2830 264 2899 lyrae
278 2831 306 2884 A
319 2830 380 2899 lyre
400 2830 426 2884 V
462 2835 530 2886 1140
549 2830 624 2885 uada
638 2829 787 2885 detrudere?
805 2830 1012 2884 oomooerrlurr'uo
1025 2830 1114 2887 Berol.

99 2899 307 2957 Sotautcotiao
324 2917 399 2971 uaga
422 2901 449 2955 V
464 2901 532 2972 iuga
550 2900 578 2955 A
651 2905 720 2956 1146
738 2901 792 2955 hoc
810 2900 837 2954 A
856 2899 925 2953 haec
949 2899 996 2970 Vn
1010 2917 1072 2956 crus
1094 2901 1118 2956 V

98 2973 164 3026 trux
182 2971 233 3040 All
251 2971 311 3042 ipse
335 2972 362 3025 V
377 2971 439 3042 ipso
457 2973 484 3026 A
558 2975 627 3026 1148
645 2970 817 3027 remorantia
834 2972 862 3025 A
881 2969 994 3028 Grotius
1012 2991 1116 3030 memo·

100 3042 193 3096 rantis
217 3042 244 3097 V
314 3048 382 3098 1151
406 3044 436 3098 et
458 3059 530 3112 quae
550 3042 664 3098 Grotius
683 3042 779 3110 Exque
803 3041 854 3096 VA
872 3041 882 3110 ll
900 3041 1005 3099 extima
1028 3044 1054 3098 V
1075 3045 1116 3098 ul·

99 3112 171 3167 tima
189 3113 216 3167 A
291 3118 359 3168 1152
379 3114 511 3169 uenerati
529 3114 556 3168 A
576 3113 735 3169 uenenaV
806 3116 874 3168 115³
895 3112 1000 3170 Oceani
1017 3116 1117 3184 sorana

100 3184 134 3250 of.
153 3200 182 3264 ιι.
201 3186 256 3240 430
270 3201 312 3268 eq.
327 3183 439 3267 Oceano
459 3184 511 3267 VA
524 3186 534 3255 ΙΙ
547 3183 659 3268 gurgite
677 3201 694 3240 o
713 3201 814 3255 gurges
835 3183 910 3240 VAc
955 3190 1024 3239 1154
1042 3186 1116 3240 acris

100 3255 781 3397 elongatointitulandis}¹⁶l
801 3255 1115 3394 hildilid&

99 3395 194 3521 {geme
219 3395 295 3521 {Aa
311 3399 322 3466 ΙΙ
340 3414 423 3467 super
441 3395 549 3454 inuehit
567 3399 595 3452 A
613 3396 775 3468 supinhueit
798 3396 825 3452 V
881 3400 949 3451 1159
967 3395 1069 3453 boreae
1088 3397 1116 3453 A

135 3483 200 3540 raee
