2578 3956
527 230 744 294 ..75-

124 374 212 436 certa
235 370 303 434 suis
328 370 444 436 studiis
468 371 582 435 adfixit
605 371 700 456 signa
721 370 830 437 futuri.

123 480 263 543 nemque
286 463 319 524 et
341 459 413 525 ouis
438 460 555 544 cupido
579 460 607 523 si
630 461 779 544 gramina
802 460 937 526 tondeat
960 483 1029 545 ore,
1095 467 1100 472 ’

122 549 304 613 insaturata
328 549 406 632 cibi,
430 547 604 633 decerpens
627 549 727 614 letius
751 569 862 633 agros,

121 640 237 720 pastor
259 635 292 700 id
315 635 469 704 indicium
493 637 648 721 pluuialis
670 636 802 722 frigoris
827 639 907 702 edet.

21 741 104 792 1840
122 729 156 789 et
180 726 208 789 si
231 727 415 808 persultans
439 726 523 790 eries
547 725 701 790 lasciuius
724 726 841 791 herbas

122 814 258 897 adpetat
281 819 338 879 aut
360 835 430 880 sese
453 815 632 879 sustollent
654 813 790 879 saltibus
813 814 910 880 haedi

121 903 176 966 uel
200 903 229 966 si
251 902 326 988 iuge
350 903 443 988 gregi
465 902 599 988 cupiant
620 902 752 968 haerere
771 924 830 968 neo
854 926 991 989 usquam

121 991 283 1056 matribus
306 992 484 1057 abscedant
507 996 541 1056 et
564 992 593 1056 si
616 992 685 1056 sine
708 992 772 1056 fine
796 992 956 1076 modoque

121 1080 243 1164 pabula
267 1080 423 1164 delibant,
448 1102 522 1147 cum
544 1083 633 1146 tutas
657 1101 772 1164 uesper
795 1081 882 1146 adire

22 1186 102 1236 1845
123 1169 287 1253 conpellat
310 1170 432 1253 caulas,
454 1169 684 1234 monstrabunt
708 1167 818 1234 adfore
841 1170 978 1234 nimbos.
1155 1187 1194 1228 520

166 1255 280 1323 Bubus
304 1260 414 1322 arator
437 1259 517 1323 item
539 1258 643 1324 trahit
666 1261 757 1322 atrae
781 1253 1074 1344 signa'proocllae,

121 1346 264 1411 lambere
289 1347 316 1410 si
339 1345 452 1431 lingua
474 1347 581 1431 prime
602 1347 663 1412 hos
687 1347 829 1433 uestigia
851 1347 936 1412 forte

121 1434 242 1500 uiderit
264 1438 321 1499 aut
344 1435 492 1500 dextrum
515 1439 720 1519 prosternere
743 1458 861 1520 corpus
885 1437 920 1500 in
945 1458 1085 1519 armum,

122 1524 174 1588 uel
198 1524 225 1587 si
248 1524 385 1607 prolixis
409 1546 505 1589 auras
530 1525 708 1609 mugitibus
731 1524 870 1608 inplent,

24 1629 103 1680 1850
121 1633 243 1696 pesona
266 1613 450 1698 linquentes
472 1613 528 1677 uix
550 1634 694 1697 uespere.
739 1612 795 1676 dat
818 1635 916 1696 capra
940 1613 1019 1677 mot'
1155 1630 1195 1670 525

122 1722 251 1765 rursum
275 1701 370 1786 signa
392 1701 472 1785 poli,
496 1723 569 1766 cum
593 1701 696 1784 spinis
717 1700 802 1766 ilicis
826 1704 918 1766 atrae

122 1789 228 1854 multa
251 1789 365 1854 inhiat.
410 1790 505 1856 docet
526 1789 607 1853 haec
630 1790 743 1854 eadem
766 1811 821 1854 sus
844 1788 978 1855 horrido
1001 1811 1116 1874 caeno,

123 1878 264 1962 gurgitis
286 1878 409 1943 inluuie
433 1879 461 1942 si
485 1879 612 1962 saepius
635 1878 830 1943 inuolustur.

168 1966 308 2032 Martius
332 1968 401 2050 ipse
424 1968 520 2050 lupus
544 1967 697 2033 uillarum
721 1967 869 2050 proxima
893 1965 1046 2032 oberrans

26 2073 103 2123 1855
124 2054 355 2139 adfectansque
376 2056 465 2120 locos
488 2055 657 2120 hominum
680 2055 864 2140 lectumque
887 2056 1051 2139 laremque
1155 2073 1195 2114 seo

124 2149 240 2228 sponte
263 2147 377 2228 petens
401 2164 511 2208 cresso
534 2163 728 2228 consurgere
751 2143 866 2208 nubila
890 2143 980 2208 caelo

121 2237 319 2317 praemonet.
365 2231 398 2297 id
420 2233 515 2316 parui
539 2253 612 2296 cum
636 2231 778 2296 stridunt
800 2230 938 2316 denique
961 2254 1083 2317 mures,

123 2343 196 2386 cum
220 2323 339 2408 gestire
364 2322 447 2405 solo,
471 2343 543 2386 cum
565 2321 675 2386 ludere
698 2320 784 2386 forte
807 2321 971 2406 uidentur,

123 2411 323 2495 portendunt
346 2410 488 2493 tibimet3
511 2410 601 2476 canis
625 2410 659 2476 id
681 2411 895 2495 praesentiat,
918 2411 1005 2475 ultro

28 2516 104 2569 1860
123 2501 273 2565 tellurem
296 2499 433 2565 fodiens.
478 2503 590 2565 tamen
612 2498 705 2583 haec,
728 2504 839 2564 tamen
863 2499 973 2563 omnia
994 2520 1103 2562 rerum
1155 2515 1195 2556 see

124 2587 235 2654 adfore
257 2591 310 2654 uel
333 2590 438 2674 primo
461 2589 591 2654 nimbos
614 2610 690 2655 mox
713 2587 782 2652 sole
806 2587 981 2670 docebunt,

198 2853 266 2903 1836
286 2851 362 2904 certa
380 2851 437 2904 suis
456 2867 469 2903 e
487 2851 577 2904 certas
595 2850 639 2904 uis
657 2850 685 2903 A
738 2855 805 2904 1887
825 2849 887 2904 ouis
905 2867 919 2904 e
937 2850 980 2904 uis
998 2851 1026 2905 A
1073 2854 1142 2905 1838

124 2919 281 2974 insaturata
304 2919 360 2974 cibi
384 2937 398 2974 e
419 2920 527 2976 insatus
550 2921 670 2976 ataoibis
688 2920 716 2975 A
789 2926 859 2976 1838
882 2921 912 2975 id
931 2937 946 2976 u
966 2923 996 2975 et
1014 2922 1041 2975 A
1060 2937 1109 2977 om.
1130 2938 1143 2976 e

126 2996 193 3046 1841
219 2991 337 3059 adpetat
358 2991 472 3046 Grotius
495 2991 605 3062 appetit
622 2993 651 3045 A
738 2997 806 3046 1843
831 2991 985 3048 abscedant
1006 3009 1023 3047 c
1047 3008 1142 3048 ascen-

125 3060 194 3116 dant
212 3062 240 3115 A
258 3061 430 3118 abscendant
448 3080 462 3117 e
541 3067 611 3117 1844
629 3078 729 3132 uesper
747 3062 825 3117 adire
843 3080 859 3116 o
878 3079 995 3134 uespera
1013 3063 1073 3118 dire
1092 3066 1143 3117 Ac

127 3139 196 3188 1845
216 3133 359 3201 conpellat
378 3131 559 3202 (compellat)
574 3151 588 3188 e
601 3133 760 3202 compellas
773 3135 802 3188 A
814 3135 825 3204 ΙΙ
837 3133 948 3189 nimbos
967 3151 981 3190 e
999 3134 1074 3189 enim
1091 3133 1143 3188 bos

124 3207 153 3259 A
241 3208 309 3258 1841
332 3203 432 3274 lingua
453 3221 470 3260 c
492 3204 620 3274 linguam
642 3205 693 3260 Ae
774 3210 844 3260 1848
867 3209 919 3260 aut
940 3223 954 3261 e
976 3205 1012 3260 ad
1036 3204 1063 3257 A
1081 3203 1143 3274 {tin

125 3292 262 3330 armume
280 3274 444 3346 inopinum
457 3275 485 3330 A
541 3280 609 3330 1851
630 3274 747 3344 spiniso
765 3275 840 3345 pinis
854 3278 882 3331 A
900 3275 1023 3346 pinnise
1073 3280 1142 3330 1852

126 3363 212 3403 caeno
235 3362 248 3402 c
272 3362 342 3402 cena
364 3346 392 3401 A
484 3350 553 3401 1854
574 3347 657 3416 lupus
675 3363 689 3401 c
706 3347 784 3401 lusus
803 3348 832 3400 A
922 3351 991 3402 1856
1009 3347 1143 3416 petensc

125 3421 226 3488 potens
244 3418 295 3473 Ae
351 3423 419 3472 1859
438 3417 468 3472 id
487 3418 660 3487 praesentiat
673 3417 747 3473 ultro
761 3419 862 3484 scripsi
876 3417 909 3483 es.
924 3417 1039 3472 Hermes
1054 3417 1148 3472 XIII

121 3505 152 3559 p.
172 3493 229 3547 362
247 3506 276 3546 u.
294 3493 331 3546 45
348 3489 391 3544 idi
408 3487 501 3545 rentia
518 3489 624 3544 adultis
642 3489 670 3543 A
689 3488 718 3543 id
736 3487 895 3558 praesentia
912 3488 988 3543 ultro
1007 3505 1021 3544 e
