2578 3956
566 231 785 296 ..10..

166 373 311 440 Triocaei
334 373 422 438 sidus
447 375 513 438 stet
533 372 676 438 nominis
700 376 734 436 et
756 372 808 438 cui
831 371 946 456 pingui

166 467 238 527 ture
261 462 463 547 Epidaureae
485 460 616 526 fumant
639 461 759 526 altaria
782 460 876 527 sedis.

166 551 201 614 in
225 549 329 638 Styga
352 550 494 616 decursis
517 571 688 635 parcarum
711 551 752 615 ab
777 550 901 636 origine
923 549 1005 615 fusis

168 644 325 705 merserat
346 639 563 724 Hippolytum
587 660 657 704 sors
681 638 797 705 ultima
819 638 948 722 iamque
971 659 1029 724 por
1051 639 1136 704 imas

94 746 148 796 210
167 726 281 814 Cocyti
303 729 454 794 tenebras
478 731 511 792 et
534 731 652 812 stagna
673 728 841 813 nigrantia
863 727 950 792 Ditis

166 818 306 901 portitor
328 818 384 882 ille
407 815 538 882 Charon
560 815 719 882 Thesidae
742 816 811 881 fata
832 815 981 880 uehebat

166 905 219 971 hic
242 905 397 971 inmaturi
420 905 476 970 sed
499 905 585 970 enim
609 905 781 971 miseratus
804 905 956 970 acerbum

166 995 224 1059 leti
248 995 442 1079 supplicium
464 992 675 1078 Neptunique
699 1013 813 1078 aspera
836 994 924 1060 iussa

168 1084 306 1168 algentis
331 1086 422 1149 artus
445 1082 554 1150 Erebo
576 1083 690 1166 procul
713 1082 829 1148 intimo
853 1084 998 1166 abusque

95 1189 147 1238 215
167 1173 304 1237 suscitat
326 1172 430 1256 adque
454 1172 583 1236 animae
605 1192 734 1236 rursum
756 1170 920 1255 tepefacta
943 1171 1050 1236 calore

166 1260 291 1326 uiscera
313 1260 493 1326 mundanas
516 1263 650 1324 reuocat
670 1259 848 1324 medicator
870 1260 906 1324 in
928 1281 1011 1325 oras.

165 1369 233 1414 non
256 1349 333 1413 tulit
357 1349 559 1433 omnipotens
583 1351 657 1414 ortu
680 1348 831 1432 cuiquam
855 1351 1008 1433 generato

165 1436 383 1503 Deucalioneo
407 1437 458 1502 fas
482 1458 553 1502 esse
575 1436 753 1502 nouissime
775 1437 847 1500 fata

166 1525 295 1616 uincere
319 1529 352 1592 et
373 1525 536 1592 incassum
560 1525 727 1590 decurrere
750 1546 852 1609 pensa
875 1545 1022 1592 sororum

94 1633 147 1681 220
166 1635 304 1700 moxque
315 1609 461 1681 ‘trisulca
483 1615 561 1699 polo
583 1614 743 1679 iaculatus
766 1613 904 1680 fulmina
927 1615 1011 1680 celso

166 1707 200 1768 et
223 1726 318 1789 super
342 1705 446 1770 aeriae
469 1705 603 1769 uibrans
626 1703 775 1768 inccndio
796 1703 946 1768 flammae

165 1797 270 1859 morte
293 1797 491 1877 repertorem
513 1792 692 1856 medicinae
716 1789 846 1858 audacis
869 1793 905 1855 in
928 1791 1061 1856 umbras

166 1880 276 1965 deicit,
301 1885 335 1946 at
358 1885 459 1964 gnato
482 1901 636 1964 reparans
661 1880 782 1945 solacio
804 1878 936 1946 Phoebo

167 1991 344 2055 asperoque
369 1969 503 2034 extincti
526 1969 699 2034 miseratus
721 1969 793 2033 feta
815 1969 946 2052 nepotis

93 2075 147 2124 225
167 2079 297 2145 surgere
321 2061 482 2123 nocturno
506 2057 597 2123 iubet
619 2058 705 2122 inter
728 2057 835 2122 sidere
858 2061 958 2123 motu.

165 2147 218 2212 hic
241 2168 321 2233 ergo
343 2147 484 2231 insignis
508 2146 625 2211 ardens
647 2167 748 2211 nenos
772 2145 968 2231 ophiuohus,

165 2234 219 2301 hic
241 2235 364 2320 rigidos
389 2239 479 2300 artus
502 2235 627 2300 formae
651 2234 893 2317 anguitenentis
916 2235 1040 2300 honore

166 2323 297 2408 arduus,
320 2323 374 2388 hic
396 2325 508 2388 tantos
530 2323 650 2389 umeris
674 2323 880 2388 uibrantibus
903 2323 996 2408 ignes

166 2413 301 2498 euomit,
323 2414 373 2496 ut,
396 2412 493 2496 pleno
517 2433 589 2476 oum
612 2411 691 2476 luna
713 2412 847 2477 nitescit
869 2411 905 2475 in
929 2412 1007 2477 orbe

93 2518 146 2567 230
165 2503 394 2585 menstruaquo
416 2499 544 2586 ingenti
566 2500 631 2564 inm
655 2503 804 2586 tempora
827 2500 944 2566 diuidit
967 2503 1054 2584 ortu,

164 2612 370 2676 nequaquem
392 2589 490 2655 lentis
514 2589 683 2654 obscurior
705 2611 744 2654 ex
768 2589 888 2655 umeris
911 2589 967 2653 lux

165 2682 317 2745 marceat.
362 2682 398 2742 at
421 2678 571 2744 manibus
593 2700 661 2743 non
684 2699 806 2762 conpar
828 2677 960 2742 flamma
981 2678 1139 2757 rubescit,

164 2789 241 2832 nam
265 2767 387 2832 suffusa
409 2768 475 2832 leui
498 2767 705 2852 resplendent
727 2767 844 2832 ultima
866 2766 950 2850 luce,

163 2911 378 2918 -—-—-...-..-...-

236 2999 287 3050 206
303 2995 348 3050 cui
367 2995 405 3050 Vc
418 3011 471 3049 oen
483 2995 512 3048 A
554 2999 607 3049 208
625 2994 656 3048 in
670 2994 759 3064 Styga
771 2995 800 3048 A
813 2993 846 3048 1n
859 2993 946 3064 striga
963 2991 988 3048 V
1020 2998 1072 3047 210
1083 2991 1184 3062 Cocyti

163 3063 288 3120 eOociti
311 3065 339 3120 V
354 3065 469 3134 Oocoyti
486 3067 514 3120 A
568 3071 620 3120 211
636 3065 756 3135 portitor
773 3066 821 3120 Ae
838 3063 961 3120 Portitcr
986 3064 1012 3118 V
1059 3069 1113 3118 213
1132 3062 1184 3118 leti

170 3136 198 3189 V
216 3135 287 3192 loeti
304 3137 333 3190 A
373 3147 378 3156 '
409 3142 461 3190 223
485 3135 572 3192 deicit
594 3136 702 3191 correxi
721 3136 825 3191 Deiicit
842 3135 870 3191 A
889 3135 1002 3192 Deiecit
1024 3134 1051 3189 V
1066 3135 1184 3190 Deiecto

164 3225 178 3264 c
200 3210 210 3278 t
232 3210 263 3262 at
284 3208 371 3277 gnato
392 3208 493 3276 compsi
510 3209 614 3277 agnato
638 3206 708 3260 VAe
727 3223 759 3263 ac
778 3209 865 3277 gnato
883 3224 899 3262 o
918 3224 951 3262 ac
970 3205 1050 3278 gnati
1068 3205 1184 3262 &onus

164 3281 200 3346 cf.
214 3279 329 3334 Hermes
348 3277 402 3332 XI
413 3295 444 3346 p.
463 3281 520 3334 249
539 3283 600 3332 n.7
652 3281 704 3330 228
722 3277 900 3332 uibrantibus
918 3276 960 3332 Vc
976 3277 1115 3332 uibrantia
1133 3277 1160 3330 A
1173 3277 1183 3348 Η

163 3350 243 3419 ignes
262 3350 298 3406 Vc
316 3350 346 3405 in
365 3350 476 3417 (detrur't
493 3365 527 3403 m.
543 3351 571 3418 1)
589 3346 669 3418 ignes
682 3349 711 3402 A
761 3355 813 3404 229
832 3348 947 3405 nitescit
962 3366 979 3404 o
992 3347 1112 3404 nitescet
1131 3349 1182 3402 VA

163 3420 317 3477 nitescetc
371 3426 423 3475 230
440 3419 549 3490 ingenti
567 3435 583 3474 c
602 3419 718 3488 augenti
742 3419 794 3474 VA
812 3419 940 3492 agentie
989 3419 1183 3488 2232221222-

164 3489 232 3544 dent
256 3491 283 3545 V
298 3491 471 3561 respondent
488 3491 515 3545 A
534 3489 713 3560 resplendeat
730 3507 743 3546 e
