2578 3956
540 245 752 292 ..VI-

139 373 279 438 deratur.
331 391 408 434 nam
441 389 522 454 quae
552 368 657 453 primo
689 390 786 435 uersu
819 368 928 452 posita
956 370 1030 432 sunt
1056 367 1157 432 uerba

137 460 346 546 prolesque
378 457 521 523 Auieni
558 457 639 522 illud
674 459 773 542 tecte,
811 457 867 521 sed
900 455 980 522 satis
1013 455 1155 521 indicare

137 549 295 628 uidentur.
334 550 367 612 et
388 548 462 631 ipsa
482 547 541 610 illa
564 545 720 611 suboles
743 546 955 631 prolesque
979 543 1020 609 ad
1038 567 1069 609 u.
1088 544 1155 610 370

137 636 334 702 Arateorum
362 638 509 720 spectare
538 637 648 719 atque,
678 656 751 700 oum
783 633 1027 720 epigrammatis
1059 653 1156 698 uersu

138 726 276 810 septimo
305 724 398 789 ollis
424 724 580 808 scriptum
604 725 704 807 esset,
732 745 770 788 sa
794 724 929 808 antiqua
950 720 1155 806 pronominis

136 815 242 900 figura
265 812 431 878 Auienum
454 832 684 897 saepenumero
708 833 803 877 usum
827 833 897 876 esse
919 812 1006 877 recte
1029 810 1157 876 monuit

136 900 379 966 Wernsdorfius
402 902 547 967 eiusdem
569 899 646 965 libri
669 901 834 965 uolumine
857 897 888 964 V
913 900 934 964 2
956 923 987 984 p.
1006 897 1071 964 621
1086 920 1156 983 sqq.

138 989 225 1055 idem
247 990 360 1073 primis
384 989 541 1070 uersibus,
565 1011 646 1074 quos
666 992 777 1054 sancto
795 988 883 1072 patri
901 988 988 1054 filius
1006 986 1156 1054 Placidus

139 1078 319 1252 3111711
340 1077 543 1251 6771317
568 1075 1055 1231 1133131316371173
1076 1074 1156 1228 lt}

137 1251 194 1340 (cf.
220 1189 421 1321 Wernsdorl.
447 1254 479 1320 V
499 1255 523 1319 ’2
546 1276 576 1339 p.
600 1189 666 1320 623
695 1258 727 1319 et
752 1185 894 1320 {oeckb
923 1253 964 1318 ad
991 1251 1026 1318 O.
1053 1187 1078 1316 1).
1102 1250 1158 1316 Gr.

138 1365 172 1409 n.
199 1343 265 1408 372
296 1365 328 1426 p.
354 1340 437 1430 436)
470 1343 605 1428 aliisque
637 1343 717 1408 uiris
749 1342 853 1407 doctis
882 1339 938 1427 (cf.
964 1340 1157 1406 Mommsen.

139 1430 180 1496 ad
204 1429 418 1517 epigramma,
446 1432 532 1517 quod
556 1453 655 1515 supra
678 1427 798 1518 attuli),
821 1429 943 1495 Aratea
967 1430 1008 1495 ad
1030 1432 1157 1514 patrem

137 1520 207 1584 eius
239 1520 295 1604 qui
323 1521 523 1606 epigramma
550 1517 628 1585 fecit
654 1519 825 1586 referenda
853 1541 924 1586 esse
951 1517 1157 1584 censentibus

138 1608 295 1674 adsentiri
324 1631 468 1692 possum.
514 1608 628 1693 quodsi
656 1609 691 1672 in
719 1607 815 1674 titulo
843 1607 968 1673 Graeco
997 1605 1050 1692 (ef.
1074 1604 1109 1671 Ο.
1131 1605 1157 1672 I.

137 1695 192 1761 Gr.
220 1718 252 1761 n.
280 1697 346 1762 372
370 1727 412 1751 ==
436 1695 472 1762 0.
497 1696 523 1762 I.
552 1696 591 1763 Α
618 1696 635 1762 Ι
662 1719 692 1761 n.
716 1693 812 1783 635),
843 1719 907 1782 quo
939 1694 1157 1760 Athenienses

137 1779 339 1850 ἀνθύπατον
374 1787 432 1869 τῆς
461 1779 624 1860 Ἑλλάδος
649 1781 811 1869 Ῥούφιον
847 1785 982 1868 Φῆστον
1018 1783 1157 1850 honora·

135 1875 269 1956 uerunt,
292 1893 471 1960 cognomen
494 1894 561 1938 non
584 1872 729 1938 additum
752 1878 815 1958 est,
843 1872 930 1939 haud
954 1873 1021 1938 scio
1045 1893 1088 1936 an
1111 1872 1157 1937 ibi

136 1960 334 2027 Arateorum
357 1963 498 2048 scriptor
520 1984 588 2029 non
610 1961 778 2028 indicetur.
816 1985 898 2048 quae
922 1961 1061 2026 sumita
1080 1960 1156 2044 sint,

138 2051 237 2116 etiam
269 2050 411 2116 dubitari
443 2051 552 2136 debet,
588 2054 697 2117 utrum
729 2051 780 2116 illi
811 2051 925 2117 Rufius
958 2070 1157 2134 praenomen

136 2138 237 2203 fuerit
264 2161 308 2204 an
329 2139 445 2206 Rufus.
489 2162 567 2205 nam
596 2141 652 2224 qui
674 2139 705 2204 ei
727 2139 860 2205 Rufium
882 2160 1079 2224 praenomen
1101 2137 1157 2202 tri·

137 2227 292 2310 buerunt,
323 2227 382 2292 illo
416 2229 512 2294 titulo
540 2230 690 2294 nituntur
717 2227 771 2314 (cf.
797 2227 998 2293 Wernsdorf.
1021 2225 1053 2291 V
1082 2226 1158 2310 2p.
1197 2261 1217 2271 -·

138 2315 205 2381 623
224 2338 272 2401 sq.
312 2315 510 2401 Mommsen,
537 2316 649 2382 Herm.
671 2315 750 2382 XVI
772 2340 804 2402 p.
828 2315 893 2382 605
916 2316 988 2381 adn.
1014 2316 1031 2380 l
1056 2317 1089 2379 et
1112 2315 1157 2400 2).

139 2407 288 2470 contorta
309 2426 363 2470 res
387 2408 436 2470 est
459 2408 492 2470 et
514 2404 664 2489 difficilis,
688 2405 729 2469 ad
747 2427 846 2490 quam
864 2401 1097 2488 expediendam
1116 2425 1157 2468 ne

138 2492 263 2558 codices
292 2493 422 2579 quidem
447 2495 587 2558 multum
610 2495 727 2558 ualent
772 2515 848 2558 nam
877 2515 950 2558 cum
973 2491 1056 2557 liber
1078 2489 1157 2556 Am·

137 2582 324 2656 bresianus¹
338 2582 459 2648 habeat
483 2580 608 2666 Rufii,
635 2579 768 2646 RVFFI
794 2581 936 2646 forsitan
962 2581 1085 2646 factum
1114 2581 1159 2645 sit

139 2690 178 2734 ex
195 2668 326 2736 RVFIL
372 2669 494 2736 RVFII
518 2674 627 2736 autem
649 2669 828 2755 profectum
852 2669 982 2734 uidetur
1005 2666 1158 2752 aRVFI,

140 2759 226 2842 quod
249 2758 284 2822 in
307 2759 486 2844 archetypo
505 2759 606 2826 fuisse
624 2761 754 2844 praeter
771 2757 958 2824 Gudianum
975 2757 1058 2822 liber
1075 2755 1157 2821 Vin-

142 2845 338 2914 dobonensis
361 2851 395 2912 et
417 2847 516 2914 editio
540 2847 768 2932 antiquissima
789 2850 961 2912 testantur.

229 2933 306 3000 Fuit
329 2940 437 3002 autem
457 2937 603 3004 Auienus
627 2939 732 3001 aetate
748 2933 951 3020 Hieronymi,
996 2935 1030 3000 ui
1053 2931 1108 3021 (³c.
1129 2955 1157 2999 a.

139 3021 217 3089 387’
237 3023 276 3088 cf.
290 3023 482 3094 Mommsen.
506 3026 546 3092 ad
566 3024 600 3091 (l.
618 3024 644 3089 I.
661 3023 697 3091 L.
715 3023 765 3092 VI
782 3024 818 3090 P.
837 3023 853 3090 I
872 3047 903 3090 n.
917 2958 997 3112 537)
1017 3022 1157 3088 Aratum

138 3112 181 3177 ab
204 3112 264 3177 illo
287 3133 410 3197 nuper
432 3113 468 3178 in
485 3113 640 3180 Latinum
663 3135 845 3182 sermonem
867 3113 1157 3179 translatumesse

139 3199 174 3263 in
193 3201 286 3285 epist
305 3200 346 3266 ad
360 3200 425 3267 Tit.
443 3202 517 3267 libr.
536 3203 596 3268 cl
617 3201 739 3267 scribit
767 3204 819 3268 cui
837 3201 980 3287 poemati
993 3200 1157 3265 Auienum

138 3287 277 3354 indicem
302 3290 419 3357 fecisse
442 3290 570 3375 Arati,
597 3289 713 3355 harum
742 3312 850 3358 rerum
879 3289 1157 3356 existimatoribus

138 3378 295 3460 probasse
308 3379 391 3446 mihi
404 3379 518 3447 uideor
530 3379 566 3445 in
579 3382 821 3468 programmate
831 3378 1015 3446 Erfrntensi
1029 3401 1058 3443 a.
1070 3377 1157 3442 1882
1284 3399 1285 3402 ’

135 3485 169 3549 p.
188 3463 238 3531 111
251 3488 298 3552 sq.
