2578 3956
518 193 737 256 ..59...

117 334 261 400 excludit
283 333 375 409 rutili⁵
396 335 564 417 totamque
586 334 772 399 uolantibus
797 335 942 401 aethram

116 422 331 508 praestringit
353 421 491 486 flammis
514 426 547 487 et
569 423 694 487 caelum
718 421 838 488 sulfure
862 423 985 491 odorat.

117 512 271 578 omnibus
295 511 346 576 bis
370 511 519 596 genetrix
540 511 638 577 tellus
662 514 694 576 et
717 512 859 596 caespite
883 513 923 578 ab
947 514 1013 580 imo

118 601 279 666 ducuntur
302 601 412 685 superi
435 603 553 665 motus.
598 600 672 683 ipsa
694 601 791 685 ignea
813 602 926 666 mundi

18 690 255 773 14351umina‚
276 689 479 774 flammigero
501 689 652 754 Phoebus
676 692 804 756 temone
828 685 1000 756 coruscans
1148 709 1187 749 110

116 782 151 842 et
175 799 258 862 quae
281 778 473 862 noctiuagos
497 779 617 844 attollit
638 777 731 843 Luna
753 779 920 865 iuuencos,

116 867 170 932 his
194 887 346 951 peperere
369 866 463 932 malis
488 866 627 933 exordia.
673 888 812 951 namque
836 868 968 934 deorum

116 956 222 1020 mouit
244 955 379 1020 humum
403 976 476 1021 cum
499 956 582 1020 forte
607 956 708 1040 calor,
730 957 840 1021 laxata
863 961 994 1044 repente

117 1044 319 1128 spiramenta
342 1044 404 1110 soli
425 1065 525 1110 uenas
548 1044 661 1128 procul
685 1044 816 1128 altaque
839 1047 986 1129 pandunt
1249 1106 1253 1116 .

18 1150 97 1199 1440
117 1133 244 1198 uiscera
266 1133 386 1199 telluri.
432 1133 516 1198 bibit
537 1133 638 1197 imum
662 1136 750 1198 terra
773 1135 911 1199 calorem
1148 1150 1186 1191 11⁵

117 1221 256 1306 desuper
280 1227 312 1288 et
335 1220 500 1287 madidum
523 1221 857 1308 tepefactuscaespes
882 1223 1023 1290 anhelat.

117 1310 203 1375 aeris
225 1311 287 1376 hos
309 1314 417 1376 motus
440 1310 628 1395 rabiemque
650 1311 804 1376 uolubilis
827 1312 945 1397 undae,

115 1398 220 1464 flabra
242 1400 470 1482 procellarum,
492 1399 647 1464 mundani
670 1401 810 1466 tramitis
834 1402 913 1486 iras,

116 1487 316 1571 praesentire
339 1488 439 1554 decet.
484 1510 563 1572 cape
587 1489 701 1553 sollers
726 1490 854 1573 singula
877 1493 985 1556 mente

20 1593 96 1642 1445
116 1577 363 1661 praeceptisque
386 1577 491 1642 uirum
517 1577 662 1663 sitientia
685 1581 816 1660 pectora
839 1579 952 1660 pande.
1117 1631 1118 1636 1
1146 1595 1185 1634 120

162 1663 306 1748 Cynthia
329 1687 400 1730 cum
423 1666 565 1750 primum
588 1665 678 1730 caelo
703 1687 789 1730 noua
812 1687 932 1732 cornua
954 1669 1089 1752 promit,

117 1756 230 1818 cautus
253 1754 416 1839 utrimque
438 1755 533 1820 deam
557 1754 779 1838 circumspice,
801 1776 941 1840 namque
964 1761 1114 1823 reuectae

115 1863 319 1926 nequequam
342 1863 469 1927 semper
493 1842 607 1908 similis
631 1843 687 1908 lux
709 1843 817 1908 inbuit
841 1847 962 1930 ortum,

117 1930 172 1995 sed
196 1932 319 2014 species
342 1932 473 1998 diuersa
495 1930 598 1996 trahit
620 1933 773 2016 uarioque
796 1935 929 1998 notatur

23 2036 94 2086 1450
115 2019 302 2086 formarum.
347 2019 446 2104 primi
469 2041 541 2086 cum
565 2021 670 2105 surgit
692 2020 823 2086 luminis
847 2021 936 2106 igne,
1147 2037 1185 2078 125

116 2108 214 2172 tertia
237 2130 311 2173 cum
333 2108 461 2194 rutilat,
484 2129 558 2174 cum
582 2109 685 2173 maior
709 2108 821 2173 rideris
847 2109 993 2176 aethram

117 2196 243 2262 scandit
267 2200 300 2262 et
322 2197 425 2262 aerias
450 2201 566 2281 quarta
589 2197 659 2262 face
684 2197 824 2263 luminat
846 2219 933 2284 oras,

116 2285 327 2370 ingredientis
351 2285 413 2351 erit
434 2287 530 2370 plene
553 2285 614 2350 tibi
635 2287 752 2350 nuntia
774 2287 903 2354 mensis.

115 2373 195 2440 baec
219 2374 380 2458 castigato
405 2375 433 2440 si
456 2375 554 2440 tertia
576 2375 704 2440 fulserit
727 2378 815 2460 ortu,

25 2479 95 2530 1455
115 2485 198 2547 pura
221 2464 264 2528 sit
286 2467 324 2529 ut
345 2462 450 2530 foedis
474 2464 515 2529 ab
539 2463 702 2548 sordibus,
727 2463 838 2529 adfore
861 2465 946 2529 dicet
1145 2480 1185 2520 130

117 2551 203 2617 01010
226 2573 340 2616 serena
363 2550 427 2616 diu.
471 2553 562 2617 tenui
586 2553 760 2616 surrexerit
783 2555 891 2616 autem

117 2641 144 2703 si
167 2641 237 2705 face
261 2643 294 2704 et
317 2641 421 2726 ignito
447 2641 651 2725 suppinxerit
674 2662 731 2705 ora
753 2640 884 2718 rubore,

115 2728 245 2794 turbida
268 2732 428 2795 certantes
451 2732 644 2794 conuerrent
667 2749 808 2812 aequora
831 2728 929 2794 cauri.

114 2817 246 2884 luminis
269 2818 335 2883 ista
358 2817 475 2884 dehinc
498 2817 526 2881 si
550 2817 690 2884 crassior
713 2817 817 2900 adque
839 2817 979 2883 retunsis

188 3033 257 3084 1432
276 3027 381 3082 sulfure
399 3029 427 3082 A
446 3029 556 3099 sulpere
581 3026 608 3081 V
623 3027 717 3082 sufure
736 3044 750 3082 0
804 3032 874 3082 1434
892 3029 986 3084 motus
1004 3045 1020 3083 0
1039 3029 1130 3083 metus

119 3098 195 3154 VAe
277 3104 345 3154 1435
369 3099 543 3170 flammigero
565 3116 579 3154 c
601 3096 746 3168 damigero
774 3097 826 3152 VA
907 3105 976 3154 1436
998 3098 1130 3154 iuuencos

120 3168 194 3224 VAe
216 3168 325 3241 iugales
348 3185 364 3224 0
420 3176 489 3225 1437
512 3186 646 3240 peperere
668 3185 795 3240 eperere
820 3168 872 3226 VA
889 3173 899 3240 ΙΙ
918 3169 1033 3225 deorum
1056 3169 1131 3225 VAe

115 3240 243 3294 deorsum
265 3257 281 3295 0
305 3241 340 3309 cf.
359 3241 473 3297 Hermes
492 3241 576 3296 XVI
592 3257 623 3310 p.
642 3245 694 3296 131
719 3259 746 3296 0.
764 3245 819 3298 92·
876 3245 944 3295 1442
968 3237 1131 3310 rabiemque

119 3311 146 3364 V
161 3310 295 3382 rabieque
310 3312 338 3366 A
380 3316 448 3367 1453
469 3313 523 3368 erit
539 3313 623 3382 plene
637 3329 650 3366 e
664 3313 744 3381 eritq.
758 3313 822 3368 lene
842 3311 895 3366 VA
938 3316 1007 3366 1454
1020 3311 1132 3366 fulserit
1247 3338 1249 3342 ·

120 3381 286 3509 dbffl'erIA
304 3384 332 3437 A
411 3387 479 3438 1458
503 3385 668 3440 contrement
696 3383 723 3438 V
744 3383 909 3439 conuertent
937 3381 992 3452 Vl
1015 3381 1092 3437 001111
1114 3399 1130 3438 0

114 3469 211 3510 caum
295 3471 309 3510 0
