2578 3956
507 217 727 281 ..37-

109 361 144 424 88
169 356 197 421 si
221 353 419 421 Centaurum
442 356 550 422 medio
573 357 634 422 sub
657 359 788 425 tramite
811 363 892 427 oueli

38 463 88 514 875
107 445 243 529 uideris,
266 447 303 509 ut
323 445 425 510 fluctu
447 448 576 510 tuntum
600 446 743 513 discedat
765 470 838 534 eoo,

109 536 267 618 quantum
291 532 360 598 adit
382 554 546 619 oceasum,
570 535 614 599 sit
635 538 741 601 tectus
765 538 902 622 desuper
925 543 1033 607 autem

108 623 195 688 nube
219 643 366 688 umerum
389 625 423 686 et
445 624 533 688 eaelo
557 624 622 688 sint
644 626 754 690 omnia
774 627 867 711 sigua
890 629 1013 711 priora:

109 734 207 778 eurus
231 711 306 794 erit,
329 715 437 776 uerret
461 712 538 776 salsi
563 712 646 776 uada
669 715 809 800 gurgitis
833 737 936 782 eurus.

155 798 401 884 Contemplator
425 801 511 865 enim
534 802 709 886 geminae
732 803 902 870 rutilantia
924 805 1070 871 formae

40 909 91 959 880
109 890 276 973 uiscera,
299 909 382 973 quse
406 889 508 976 signis
532 889 675 955 subtexit
696 894 840 958 membra
864 894 999 961 duobus.

109 1000 186 1043 nam
211 1000 276 1063 qua
298 980 390 1061 parte
413 977 578 1042 hominem
603 979 786 1064 quadrupes
811 984 953 1048 sustollit
975 983 1093 1070 equino

110 1070 224 1131 uenus
249 1087 345 1149 super
368 1069 523 1150 stantem,
546 1071 694 1132 uersatur
718 1071 862 1155 scorpius
887 1072 1016 1158 ingens:

110 1160 145 1220 at
168 1177 233 1241 qua
256 1155 460 1238 cornipedem
483 1155 588 1220 media
610 1157 661 1220 uir
682 1157 789 1223 fundit
812 1160 853 1224 ab
877 1161 966 1245 aluo,

110 1266 212 1310 cuma
235 1244 388 1309 uenerati
412 1248 488 1309 sunt
509 1247 638 1308 tantum
661 1245 795 1312 brachia
818 1249 912 1334 signi.

37 1353 90 1402 885
108 1333 165 1397 ille
189 1335 312 1417 autam,
334 1331 480 1396 dextram
503 1333 696 1418 protendere
719 1336 810 1401 uisus
834 1337 874 1401 ad
898 1359 989 1403 aram

109 1421 314 1505 caelicolum,
337 1421 441 1486 iustae
463 1422 621 1505 persoluit
643 1443 777 1490 munera
800 1427 887 1491 uitae

109 1513 339 1596 agrestemque
361 1531 459 1574 manu
483 1511 636 1594 praedam
660 1513 753 1596 gerit.
798 1514 863 1598 hio,
887 1515 943 1580 ubi
966 1516 1052 1581 oelso

108 1597 226 1664 Pelion
248 1597 396 1684 adsurgit
418 1599 514 1664 dorso
537 1621 771 1686 nemorosaque
793 1602 858 1666 late

109 1687 226 1752 inserit
248 1686 344 1752 aeriis
367 1687 445 1772 iuga
467 1688 622 1772 nubibus,
646 1688 767 1754 arbiter
791 1691 885 1774 aequi

39 1796 90 1846 800
110 1779 225 1860 egerat
245 1775 380 1840 Aloidae
403 1777 512 1860 legum
535 1780 611 1859 post
634 1777 721 1841 bella
743 1778 909 1866 magister.

155 1863 303 1948 Desuper
325 1863 451 1949 ingenti
474 1885 543 1930 sese
566 1866 695 1950 agmine
718 1868 858 1952 porrigit
879 1868 1013 1954 hydra,

110 1975 193 2038 quae
216 1952 345 2037 prolata
368 1953 438 2018 salo
462 1953 559 2038 longe
582 1955 668 2018 latus
692 1957 831 2039 explieat
856 1957 982 2043 aethra,

109 2042 146 2106 in
169 2063 320 2106 sanorum
343 2044 494 2125 protenta
517 2045 627 2126 eaput,
651 2043 848 2128 caudamque
871 2045 970 2110 feroci

110 2128 275 2195 Centauro
298 2129 448 2214 inclinat,
471 2131 590 2195 transit
613 2132 756 2215 spatiosa
779 2132 881 2198 leonis

38 2239 89 2287 895
110 2219 237 2284 uiscera
260 2221 293 2282 et
314 2219 440 2304 ingenti
464 2219 523 2284 sub
547 2219 674 2304 uirgine
698 2242 823 2286 summa
846 2221 992 2306 quiescit.

111 2307 190 2392 quin
214 2310 246 2372 et
269 2327 340 2371 earn
364 2308 486 2390 spirare
508 2310 616 2391 putes:
640 2309 686 2374 sie
709 2311 840 2394 agmina
862 2312 951 2377 88810

110 2395 236 2461 lubrica
259 2397 439 2480 conuoluit,
463 2396 509 2461 sio
533 2398 636 2481 spiras
660 2399 800 2482 pendula
822 2403 966 2484 torquet,

110 2484 157 2549 sio
180 2488 213 2548 et
235 2480 438 2571 flammigero
460 2484 607 2569 linguam
632 2487 709 2550 iacit
732 2509 786 2552 ore
809 2487 988 2552 trisulcam.

111 2573 272 2655 spirarum
295 2573 401 2637 medio
425 2576 533 2658 gestat
555 2577 706 2640 oratera
730 2595 913 2659 coruscum,

39 2681 90 2730 900
110 2661 227 2726 ultima
250 2661 430 2726 caeruleum
455 2665 640 2727 sustentant
664 2663 795 2748 agmina
818 2685 987 2748 eoruum,

111 2750 176 2814 ales
199 2753 237 2814 ut
258 2749 384 2815 intento
407 2750 511 2815 fodiat
533 2772 618 2835 uaga
641 2751 766 2816 uiscera
787 2755 905 2817 rostro.

181 2911 234 2961 8'16
257 2906 296 2960 uit
319 2905 384 2961 Vsi
402 2905 431 2959 A
502 2911 554 2962 878
578 2907 644 2961 salsi
667 2906 786 2962 Vsalsa
803 2907 830 2961 A
903 2924 930 2962 a.
951 2911 1007 2963 879
1025 2907 1122 2962 laseri·

110 2978 185 3033 bitur
205 2975 424 3031 CENTAVRVS
449 2976 502 3031 VA
555 2983 607 3032 880
627 2993 698 3046 quae
715 2995 732 3032 0
751 2978 827 3047 quod
851 2977 922 3034 VAe
971 2983 1023 3033 882
1043 2995 1127 3048 super

110 3049 231 3104 stantem
250 3049 278 3102 A
297 3049 501 3118 superstantem
527 3048 553 3102 V
622 3055 675 3104 888
694 3048 791 3104 Pelion
810 3047 835 3102 V
853 3048 948 3104 Pelius
966 3050 995 3104 A
1072 3055 1125 3103 890

110 3121 207 3189 egerat
230 3118 283 3173 VA
300 3119 415 3186 degerat
434 3118 548 3174 Grotius
565 3122 575 3190 ΙΙ
592 3119 725 3189 magister
748 3119 775 3174 V
788 3137 857 3176 sorr.
877 3121 905 3175 A
960 3139 986 3178 ιι,
1007 3125 1062 3176 891
1080 3120 1124 3173 ia-

109 3191 240 3245 sorititwr
258 3188 388 3244 HYDRA
412 3190 463 3243 VA
536 3196 588 3246 892
612 3193 669 3246 salo
694 3190 720 3244 V
740 3191 800 3246 solo
818 3192 847 3246 A
868 3193 878 3262 ΙΙ
901 3193 984 3262 longe
1008 3191 1126 3258 elonga

116 3261 168 3314 VA
204 3265 257 3316 894
275 3257 393 3316 inclinat
417 3260 443 3314 V
459 3277 528 3316 corr.
547 3261 576 3315 A
616 3267 667 3317 895
688 3279 797 3317 summa
815 3263 842 3317 A
862 3279 942 3316 suma
966 3262 992 3314 V
1026 3265 1078 3315 890
1098 3261 1127 3314 88

111 3348 173 3386 sam
195 3333 295 3402 sortpst
317 3333 352 3399 of.
372 3331 485 3386 Hermas
505 3332 569 3387 XV
583 3350 612 3400 p.
633 3338 688 3388 184
705 3351 733 3389 a.
753 3333 897 3390 saritam
921 3332 973 3386 VA
991 3333 1001 3402 ιΙ
1019 3331 1126 3400 spirare

116 3401 142 3456 V
162 3417 274 3472 sperare
297 3403 325 3456 A
397 3408 448 3456 901
473 3419 546 3474 uaga
574 3401 626 3459 VA
650 3421 720 3459 caua
738 3405 884 3474 Haaptias
906 3404 941 3471 of.
965 3402 1079 3460 Hermes
1103 3401 1130 3456 V
