2578 3956
524 243 737 307 .-·13-

122 390 183 452 aut
205 385 365 452 Pelusiaci
388 385 494 470 magis
517 407 552 451 es
575 384 635 449 dea
657 383 761 449 litoris
784 383 861 467 Iris,

123 477 223 561 digna
245 474 327 559 poli,
351 495 484 540 consors
508 477 541 539 et
563 495 641 538 cura
662 473 815 538 latrantis
839 473 974 538 Anubis.

123 587 182 629 seu
204 567 242 628 tu
264 563 340 628 diua
363 561 477 648 Ocres,
499 563 546 628 sic
568 582 645 626 nam
668 561 729 627 tibi
752 563 872 647 flagrat
894 563 996 627 arista

23 674 103 724 -aee
124 657 158 718 et
182 674 239 718 ceu
264 649 386 718 Siriaco
409 655 551 717 torretur
574 652 664 736 spica
688 652 794 716 calore

123 743 313 828 protentata
335 763 448 825 manu,
471 762 527 806 seu
551 761 633 826 quae
656 739 842 825 pernicibus
866 739 928 804 alis

123 851 185 895 nec
209 833 261 895 sat
283 833 372 894 certa
394 830 531 916 graelum
552 828 752 913 uiduataque
774 829 896 894 uertice
920 849 1046 894 summo

124 919 213 983 fluxa
236 919 323 1002 pilae
345 919 446 984 uertis
470 918 623 1002 uestigia,
646 917 807 982 lubricum
831 921 867 983 ut
891 939 1007 983 aeuum

127 1029 197 1072 sors
221 1010 299 1092 agat
322 1010 355 1073 et
377 1007 493 1073 subitis
518 1007 653 1090 obrepat
677 1007 796 1074 mobile
819 1006 922 1072 fatum

47 1117 105 1166 290
124 1096 335 1179 temporibus.
380 1116 506 1179 precor,
531 1096 566 1159 in
589 1099 694 1160 terras
716 1095 831 1179 procul
854 1095 984 1160 aethere
1008 1095 1049 1160 ab
1074 1095 1141 1160 alto

125 1185 218 1249 flecte
241 1185 353 1250 oculos
375 1184 602 1269 placidamque
625 1185 706 1250 meis
730 1185 940 1269 uenerabilis,
964 1205 1036 1265 cro,

125 1273 231 1356 pande
254 1273 355 1338 sacris
380 1293 500 1338 aurern.
544 1277 594 1356 tu,
618 1295 691 1338 cum
716 1273 842 1338 sincera
864 1273 1009 1358 priorum

125 1361 196 1426 uita
217 1360 387 1426 hominum
410 1362 511 1428 nullis
535 1364 649 1447 ageret
672 1363 732 1427 sub
755 1362 883 1447 legibus
907 1384 1024 1427 aeuum

127 1470 288 1535 aureaque
310 1451 469 1516 innocuos
493 1453 662 1516 seruarent
684 1451 813 1516 saccula
836 1473 942 1516 mores

51 1559 107 1609 295
127 1542 243 1622 sponte
267 1561 325 1604 sua
346 1559 405 1604 nec
429 1539 618 1604 criminibus
640 1539 696 1604 uia
719 1541 870 1623 prompta
891 1543 1029 1623 pateret,

128 1629 215 1691 inter
237 1627 390 1693 confusos
413 1629 609 1712 populorum
630 1628 734 1692 libera
757 1630 869 1693 coetus

127 1716 303 1780 uersabare
327 1715 431 1781 libens
455 1716 601 1801 nullique
624 1715 765 1784 obnoxia
788 1717 901 1801 culpae

128 1804 228 1869 corda
249 1805 398 1870 inhibens
423 1805 546 1870 medias
569 1807 660 1870 easto
683 1825 735 1869 res
758 1826 847 1870 more
870 1804 1014 1869 tenebas.

127 1892 237 1957 nullus
259 1892 370 1958 telluri
392 1893 486 1958 limes
509 1894 618 1978 datus,
640 1893 746 1959 indice
769 1893 859 1958 nullo

54 2003 110 2053 300
131 1981 219 2046 culta
241 1983 435 2047 secabantur
457 2004 562 2067 neque
584 1983 651 2048 iam
674 1981 826 2046 discretio
849 2003 1000 2068 campum

129 2069 239 2136 metiri
261 2071 295 2135 in
319 2070 469 2136 dominos
493 2074 745 2154 monstrosam,
769 2072 880 2137 omnia
901 2092 1009 2136 rerum

128 2159 316 2243 usurpantis
339 2162 432 2224 erant
453 2159 679 2243 promiscaque
701 2160 772 2224 iura
794 2181 853 2244 per
875 2177 986 2244 agros3
1011 2150 1019 2182 Ι

128 2248 340 2332 praestiterat
362 2251 487 2314 cunctis
511 2247 696 2313 communia
718 2253 834 2314 cuncta
855 2249 967 2314 uideri.

131 2335 267 2420 denique
291 2358 364 2402 cum
387 2337 533 2421 placidas
556 2339 668 2403 crebro
692 2337 752 2402 dea
774 2339 895 2404 uiseret
917 2338 1013 2403 urbes

129 2480 345 2489 —-—-—--——

202 2532 254 2601 isa
273 2545 414 2604 retusae
438 2545 465 2601 a
480 2546 630 2603 renuens
648 2549 676 2602 A
694 2545 878 2618 persensere
941 2551 993 2601 aaa
1013 2546 1072 2616 pon
1095 2545 1147 2599 Vn

131 2616 187 2672 coli
205 2617 352 2674 Schraderi
374 2621 583 2731 commentffiiae
602 2619 726 2675 Berolia.
750 2621 760 2687 l
781 2618 890 2672 Anubis
913 2617 966 2671 VA
989 2634 1007 2672 a
1028 2616 1111 2671 nubis
1135 2635 1148 2670 e

130 2745 184 2797 284
207 2758 257 2796 seu
279 2743 312 2796 tu
334 2741 401 2797 diua
423 2759 439 2797 e
462 2742 508 2796 lau
532 2743 599 2797 diua
617 2741 665 2811 (Iis
683 2743 794 2798 addidit
816 2757 916 2796 manae
938 2741 968 2809 2)
997 2739 1022 2794 V
1044 2757 1093 2795 seu
1111 2739 1148 2796 sis

130 2813 197 2866 diua
214 2813 243 2866 A
263 2812 318 2868 Seu
336 2813 435 2868 diuae
486 2818 538 2868 286
557 2829 642 2867 manu
661 2829 709 2867 seu
728 2829 799 2882 quae
817 2814 925 2867 correxi
942 2811 1043 2866 manus
1057 2827 1148 2881 euque

136 2883 163 2938 V
178 2901 278 2938 manus
298 2901 332 2938 ea
349 2900 421 2952 quae
434 2883 481 2937 Ae
536 2889 588 2939 288
607 2883 681 2938 fluxa
699 2883 775 2953 pilae
797 2882 824 2937 V
834 2881 991 2953 Illuripilae
1004 2883 1032 2937 A
1046 2882 1149 2938 Fluxat

129 2954 196 3025 pilae
224 2971 238 3009 e
259 2955 270 3024 11
291 2953 378 3009 uertis
402 2954 517 3010 Gratias
538 2955 624 3010 uestis
647 2954 749 3066 VAcp
770 2953 909 3010 lubricum
934 2955 972 3010 Va
993 2953 1102 3068 lubrica
1120 2954 1147 3008 A

131 3083 185 3134 290
212 3093 313 3148 precor
334 3078 364 3133 in
386 3081 477 3133 terras
499 3078 599 3148 procul
626 3077 664 3133 Vc
686 3079 786 3148 procul
807 3079 838 3135 in
859 3081 949 3135 terras
972 3097 1071 3150 precor
1093 3080 1121 3132 A
1140 3080 1148 3147 ll

131 3148 247 3206 aethere
262 3149 300 3204 Va
309 3150 346 3204 ab
356 3150 467 3220 (delectit
474 3165 575 3205 maana
583 3150 612 3220 1)
623 3150 737 3204 aethere
747 3149 774 3204 A
798 3156 850 3206 234
860 3150 994 3206 innocuos
1003 3169 1019 3205 c
1029 3150 1148 3204 innocuo

138 3220 214 3274 VAc
242 3226 293 3276 297
305 3218 482 3276 obnoxiaAc
492 3221 604 3276 obnixis
619 3221 646 3275 V
668 3227 720 3276 238
730 3221 839 3277 medias
848 3222 961 3278 &otras
971 3220 1064 3276 media
1079 3220 1149 3274 VAe

132 3293 168 3359 cf.
178 3291 292 3348 Hermes
304 3292 399 3347 XIII
406 3309 437 3362 p.
448 3296 504 3348 358
517 3309 545 3348 a.
557 3297 593 3348 35
606 3295 616 3363 l
629 3293 744 3348 tenebas
759 3294 805 3350 Ae
817 3295 949 3349 tenebras
969 3293 994 3347 V
1006 3297 1058 3346 300
1073 3307 1148 3346 esca·

131 3361 236 3418 bantur
248 3364 296 3420 Ac
309 3363 481 3420 secabautV
527 3370 578 3418 302
592 3365 788 3434 promiscaque
801 3363 864 3420 iura
876 3366 976 3434 aaqrsc'
990 3379 1023 3418 aa
1037 3362 1150 3417 Heiasa's'

133 3436 290 3492 caracara
307 3435 447 3506 promisca
465 3436 585 3504 quetura
609 3436 845 3506 Vpromiscaque
863 3451 930 3490 cura
946 3435 972 3489 A
991 3433 1149 3504 promiscua

133 3503 196 3559 iura
212 3507 250 3565 N.
269 3507 405 3564 Heiasiaa
476 3512 528 3562 303
552 3508 734 3578 praestiterat
750 3507 873 3562 Batitas
890 3506 1075 3580 Prestiterant
1097 3505 1149 3561 VA
