2578 3956
507 231 703 296 ..5-

98 339 226 450 omnia,
248 370 407 436 sideribus
431 391 559 438 cassum
581 341 620 438 fir
641 377 750 438 cetera
771 374 897 458 uolgus.

98 459 232 524 mobilis
256 481 296 524 en
320 461 418 525 etiam
440 461 553 526 mundi
575 483 611 527 se
634 462 785 528 machina
807 466 916 527 uersat

32 567 73 619 85
97 548 252 634 ponderis
276 552 309 613 et
331 550 455 633 proprii
478 550 582 628 trahit
604 551 771 616 inclinatio
795 551 929 617 coelum.

99 638 156 702 sed
179 659 247 704 non
270 638 340 703 axis
363 639 443 703 item
466 640 556 704 curui
578 640 740 724 uertigine
762 639 864 704 fertur

99 727 254 810 aetheris,
277 730 314 792 ut
337 727 431 792 stilus
455 728 600 793 instabili
623 729 828 794 conuoluitur
851 728 935 812 orbi,

99 839 202 902 usque
225 820 336 882 manet
357 817 529 902 tenuisque
551 818 664 901 procul
687 838 779 882 sacra
801 817 929 882 uiscera
953 818 1034 882 caeli

98 905 245 990 perforat
267 905 448 970 etmediae
470 906 591 970 molum
614 910 719 972 terrae
741 908 842 970 tenet.
883 906 975 992 illum

34 1016 75 1064 90
99 1017 167 1060 non
188 995 317 1078 prolixa
341 993 424 1078 dies,
447 1016 514 1060 non
536 995 754 1060 incumbentis
778 993 910 1078 Olympi

100 1105 213 1149 cursus
237 1083 306 1168 agit
331 1087 474 1148 motatue
497 1084 569 1149 loco
592 1085 698 1169 labor,
719 1087 758 1148 ut
781 1084 880 1148 semel
902 1083 1038 1148 haerens

99 1173 248 1237 constitit
270 1175 304 1236 ct
325 1171 403 1236 ferri
427 1194 461 1237 se
485 1173 605 1238 circum
629 1164 902 1238 cuncta‘rcmisit.

144 1258 213 1326 Nec
237 1261 344 1326 minus
368 1263 512 1326 extremo
536 1262 646 1346 dispar
668 1262 770 1346 polus.
817 1259 943 1326 Oceano
967 1281 1043 1344 pars
1161 1319 1167 1332 ,

100 1350 237 1414 sublime
260 1350 410 1435 erigitis,
433 1350 522 1415 subit
544 1351 662 1435 altera,
683 1373 790 1416 mersa
814 1350 873 1414 sub
896 1351 1014 1434 undas,

37 1459 77 1510 95
99 1460 176 1522 pars
200 1437 345 1503 Erebum
369 1441 402 1503 ct
423 1439 510 1524 nigri
532 1439 617 1506 iacet
639 1440 718 1506 haec
741 1443 779 1504 ut
801 1439 931 1504 conscia
952 1438 1050 1503 Ditis.

99 1527 154 1592 hio
176 1530 287 1611 notus,
309 1526 477 1592 horriferis
501 1529 706 1612 aquilonibus
729 1529 788 1593 illa
810 1528 979 1614 rigescunt
1030 1574 1033 1580 ,

101 1638 139 1682 ao
161 1619 245 1680 teres
269 1616 303 1680 iu
327 1617 458 1702 gemina
481 1617 590 1681 stridit
612 1617 771 1702 uertigine
794 1616 900 1681 cardo.

101 1705 185 1769 alter
207 1705 242 1768 in
264 1707 417 1788 optutum
440 1703 560 1790 facilis,
582 1706 666 1770 latet
688 1707 770 1771 alter
792 1708 826 1769 et
848 1705 915 1770 alto

103 1793 295 1876 deprimitur
317 1793 481 1859 barathro.
527 1794 584 1860 sed
607 1817 674 1880 qua
696 1793 866 1860 sublimior
889 1793 957 1858 axis

24 1904 79 1955 100
101 1882 245 1967 Tethyos
269 1881 412 1946 undosae
435 1883 554 1967 linquit
575 1888 686 1950 ¹setosa
707 1883 844 1964 fluenta,

100 1971 334 2054 contemplare,
358 1992 467 2036 sacras
490 1975 527 2035 ut
549 1972 688 2037 mundus
713 1972 861 2056 subrigat
884 1974 1023 2035 srctos.

100 2061 147 2124 sic
171 2063 294 2124 astrum
315 2057 539 2124 dioicnidius
563 2061 665 2145 dedit,
688 2059 821 2124 Ausone
844 2059 974 2124 casdem

99 2169 179 2213 uoce
201 2147 287 2213 feras
309 2169 491 2232 ursosque
513 2152 547 2212 et
569 2150 748 2232 plaustra
770 2167 886 2212 uocare
910 2147 1064 2231 solemus,

99 2236 211 2303 fabula
234 2257 374 2321 namque
397 2257 503 2316 ursas,
526 2239 649 2322 species
673 2237 729 2302 dat
751 2237 900 2322 plaustra
922 2235 1036 2302 uideri.

172 2434 207 2484 83
231 2431 324 2484 cetera
352 2427 376 2484 V
399 2431 429 2484 st
450 2430 566 2486 aethera
587 2429 616 2484 A
694 2433 729 2483 84
752 2429 865 2485 mobilis
894 2428 936 2484 Vc
958 2427 1068 2483 Nobilis
1087 2428 1115 2482 A
1139 2447 1146 2462 ·

86 2501 135 2557 ’80
153 2499 301 2556 inclinatio
325 2500 368 2556 Ve
387 2501 418 2555 in
439 2500 535 2558 licetio
553 2500 582 2556 A
651 2505 687 2557 88
707 2499 767 2561 axis
784 2500 855 2556 item
873 2515 887 2554 e
905 2497 984 2554 sdlix
1001 2497 1070 2554 item
1094 2494 1120 2551 V
1182 2512 1184 2516 ·

100 2571 138 2626 ad
156 2569 268 2626 sixitcm
286 2571 314 2626 A
331 2573 341 2642 fl
360 2570 438 2627 curui
462 2571 500 2626 Vs
516 2589 567 2626 cur
585 2571 614 2626 ni
632 2572 660 2626 A
727 2576 762 2627 87
781 2573 814 2626 ut
830 2587 848 2624 c
866 2571 916 2623 aut
940 2569 1011 2624 VAe
1027 2571 1038 2638 l
1056 2567 1118 2624 orbi

104 2643 147 2698 Vc
164 2643 201 2698 ob
220 2641 282 2698 orbi
300 2643 347 2712 (ob
366 2643 466 2698 debuit
482 2658 581 2697 munus
595 2643 622 2710 1)
642 2641 670 2696 A
725 2646 759 2696 88
779 2657 866 2709 usquc
879 2639 1015 2694 Nicotaus
1028 2638 1119 2693 Heia

12 2752 14 2757 ,
99 2716 159 2770 sius
177 2712 239 2769 luce
259 2713 329 2768 VAc
346 2713 408 2784 ipse
425 2712 540 2770 &otius
551 2715 562 2783 ΙΙ
574 2712 722 2782 tenuisque
739 2709 853 2766 Grotius
866 2712 1004 2778 tenusque
1024 2709 1095 2764 VAc
1109 2710 1119 2780 ll

100 2799 180 2840 sacra
198 2801 212 2838 c
229 2785 348 2839 correxit
365 2785 393 2838 A
413 2801 495 2854 sagra
518 2784 546 2838 V
625 2789 660 2838 90
678 2783 788 2853 prolixa
805 2797 819 2835 e
836 2781 937 2835 irolixs
959 2780 986 2835 V
1000 2782 1120 2851 prolyxa

100 2857 128 2910 A
146 2859 156 2926 l}
175 2855 362 2910 incumbentis
381 2855 428 2910 Ac
449 2853 607 2912 incubantis
630 2853 657 2908 V
726 2859 759 2909 91
783 2852 910 2908 motatue
932 2867 947 2906 c
967 2853 1059 2908 motat
1081 2867 1118 2907 uc

100 2929 128 2981 A
151 2926 290 2982 motatuel
318 2925 345 2980 V
423 2931 458 2982 98
485 2942 538 2981 nec
560 2925 651 2978 miuus
679 2924 750 2980 VAe
774 2923 921 2978 Terminus
945 2923 1059 2979 Grotius
1082 2924 1118 2991 cf.

100 2998 216 3052 Hermes
234 2995 286 3049 XI
296 3013 326 3066 p.
346 2997 404 3052 248
422 3001 488 3051 ca3
542 3001 577 3050 95
595 2994 717 3050 Erebum
739 2994 791 3050 VA
810 2994 978 3050 herebume
1032 2999 1066 3049 97
1086 3011 1119 3048 ac

17 3064 21 3070 ’
99 3074 175 3124 teres
195 3067 233 3120 Vc
247 3083 316 3121 corr.
329 3081 430 3122 macnus
443 3071 463 3123 2
477 3067 505 3120 A
519 3069 528 3138 11
543 3066 637 3120 stridit
656 3066 694 3120 Vc
710 3065 812 3121 stridet
825 3067 853 3120 A
907 3069 942 3119 98
956 3067 992 3134 cf.
1006 3065 1120 3120 nomes
1143 3116 1146 3123 .

102 3137 166 3194 XV
178 3153 209 3208 p.
227 3141 285 3192 188
302 3153 330 3192 a.
350 3142 387 3192 70
441 3143 475 3192 99
496 3137 628 3192 barathro
651 3136 689 3192 Vc
706 3137 821 3192 baratro
834 3136 862 3191 A
875 3137 886 3206 {l
899 3153 956 3206 qua
974 3135 1120 3191 sublimior

101 3211 148 3264 Ae
166 3207 238 3278 qual
252 3207 301 3262 ubi
314 3205 454 3264 limiorV
506 3214 559 3264 100
572 3208 677 3278 linquit
695 3208 733 3264 Vs
746 3207 830 3276 liquit
844 3208 871 3263 A
929 3213 977 3262 101
993 3205 1121 3275 subrigat

101 3281 202 3350 scripsi
219 3281 255 3347 cf.
270 3277 385 3335 Hamas
403 3279 486 3334 XVI
497 3297 529 3349 p.
543 3283 600 3336 124
612 3297 640 3336 a.
655 3284 692 3336 77
707 3279 814 3348 subibat
833 3278 860 3334 V
877 3277 984 3334 subitat
997 3279 1025 3332 A
1044 3275 1119 3332 subi·

102 3352 184 3421 gate
257 3357 307 3406 102
329 3349 443 3406 Ouidius
461 3368 478 3406 c
496 3349 618 3420 Onydius
636 3351 664 3405 A
683 3349 794 3420 gnidius
818 3347 857 3404 Vc
917 3355 967 3404 103
986 3363 1120 3416 ursasquo

103 3425 132 3478 et
151 3421 189 3477 Vc
207 3439 286 3478 ursas
303 3439 359 3496 quq
373 3423 401 3476 A
414 3423 424 3492 l
437 3422 566 3493 plaustro
579 3423 626 3478 Ac
643 3422 750 3493 plostra
771 3421 819 3490 Vl
832 3421 953 3476 solemus
967 3420 1014 3475 Ac
1032 3419 1120 3475 solem

108 3493 135 3548 V
206 3499 257 3548 104
275 3511 354 3550 ursas
373 3511 389 3548 c
408 3511 474 3549 ursa
496 3494 566 3550 VAe
