2578 3956
502 223 743 312 -35-'

97 388 253 476 languida
276 409 335 454 nec
359 391 447 454 certo
472 389 532 453 sub
555 387 686 454 nomina
710 391 827 454 cuncta
849 387 1004 454 feruntur.

141 477 240 543 Ultra
264 477 384 542 saetosi
407 498 535 542 rursum
559 478 699 561 speciem
723 477 915 562 capricorni,

98 567 242 632 cardinis
265 566 399 631 inmersi
422 587 487 650 qua
510 569 586 630 sunt
608 567 765 632 australia
787 566 903 647 flabra,

38 674 79 722 825
97 656 131 720 in
154 654 286 739 pistrim
308 653 495 720 horrificam
518 675 693 720 conuersus
717 655 843 720 uiscera
864 653 963 738 piscis

99 743 300 808 subuehilur.
345 743 496 808 nolium
519 747 615 808 uocat
638 745 743 808 istum'
761 741 897 808 Graecia
919 741 1072 825 piscem.

99 831 214 897 stellae
238 831 322 896 aliae
344 831 479 916 mundo,
501 853 566 917 qna
588 832 722 915 pulcher
746 833 897 916 aquarius
920 831 1023 894 instat

98 925 131 984 el
155 942 221 1005 qua
244 919 378 984 cristato
402 920 570 1005 consurgit
592 921 688 985 belna
711 921 806 986 dorso

98 1031 201 1094 usque
227 1009 287 1073 rub
312 1008 391 1073 aerii
414 1008 585 1073 rubilanlia
608 1009 715 1074 sidera
737 1009 852 1093 piscis,

37 1101 178 1167 subsunt
202 1096 326 1161 mediae
348 1097 512 1180 flammae,
535 1097 655 1162 sterilis
680 1119 717 1162 ac
741 1099 822 1162 lucis
846 1117 981 1182 egenae,

98 1208 177 1250 nam
200 1186 323 1269 passim
345 1186 451 1270 ignobi
474 1185 545 1250 uice
568 1186 659 1271 uulgi
683 1189 786 1251 semet
808 1187 842 1249 in
866 1183 1014 1250 aeihram

98 1274 290 1359 probollunl.
336 1274 483 1340 dextram
507 1274 562 1339 sed
586 1277 715 1340 lantum
738 1278 872 1359 propter
895 1273 1026 1357 ephebi,

97 1363 217 1446 pocula
242 1383 337 1447 quem
360 1362 471 1427 diuum
495 1364 615 1428 mensis
639 1367 767 1448 gestare
790 1364 980 1448 loquuntur,

98 1451 198 1516 efflue
221 1472 255 1514 se
280 1451 400 1534 species
424 1451 618 1535 liquidarum
641 1452 749 1516 fundit
771 1474 927 1537 equarum

33 1557 80 1608 835
99 1540 206 1622 pariis
228 1539 264 1602 in
288 1540 443 1624 geminas.
489 1540 546 1604 lux
568 1539 635 1604 illic
659 1541 746 1605 clara
769 1540 893 1604 duabus

100 1631 151 1692 esi
174 1629 280 1692 solum
303 1627 439 1694 facibus.
482 1649 550 1692 non
572 1627 653 1692 haec
676 1628 819 1711 spatiosa
842 1649 901 1711 per
924 1628 1069 1693 aethram

99 1716 275 1780 interualla
297 1719 410 1782 tenent
432 1736 536 1800 neque
559 1716 668 1780 lumen
690 1716 812 1781 lumine
835 1715 919 1780 forte

100 1804 279 1869 conlidunt.
324 1805 379 1869 alii
403 1803 582 1889 Phrygium
605 1827 681 1869 narn
706 1805 817 1871 subter
840 1804 1001 1888 ephebum

99 1893 194 1956 ardel
216 1914 311 1977 apex,
335 1893 404 1975 alii,
428 1914 491 1976 qua
514 1914 647 1958 curnam
669 1894 767 1959 belua
789 1893 925 1959 caudam

35 1981 269 2063 archarmim,
292 1981 430 2066 insignis
454 1981 522 2045 late
545 1983 689 2046 uomilur
712 1982 828 2067 globus
852 1982 947 2066 ignis.

99 2071 225 2134 cunctis
249 2090 367 2134 nornen
386 2090 483 2153 aqua
502 2073 559 2134 est.
598 2071 674 2155 quin
695 2070 809 2136 stellae
828 2069 964 2154 deniqne
983 2077 1116 2155 propter

99 2179 159 2223 ora
182 2157 380 2242 sagittigeri,
403 2179 467 2241 qua
490 2179 524 2222 se
548 2158 688 2240 uestigia
711 2158 814 2242 prima

99 2245 282 2330 cornipedis
307 2246 474 2330 simulent,
498 2245 796 2311 circumuoluuntur
820 2244 973 2332 Olympo,

99 2335 172 2419 quis
196 2334 266 2398 fece
290 2335 351 2398 sub
374 2335 466 2398 tenui
488 2335 679 2400 tenebrosus
703 2339 846 2400 maroeai
867 2335 963 2421 ignis.

33 2441 79 2490 845
144 2422 229 2487 Ecce
252 2426 432 2512 uenenalee
456 2444 521 2507 qua
543 2425 689 2508 scorpius
714 2426 842 2510 agmine
866 2425 986 2489 caudae

98 2511 259 2595 plurimus
284 2511 421 2595 erigitur
442 2511 651 2598 lapidumque
675 2534 770 2596 super
794 2513 894 2576 micel
917 2516 1076 2595 ansbrum,

98 2600 257 2684 paruulus
280 2597 334 2664 hic
358 2621 461 2664 aram
484 2600 573 2666 locus
598 2601 757 2684 exprimih
801 2599 886 2664 hanc
911 2599 990 2663 satis
1016 2604 1086 2664 ario

98 2695 245 2772 tempore
269 2688 425 2771 suspicies
448 2688 568 2753 mundo
591 2690 747 2754 rutilante
771 2687 894 2751 referri.

98 2799 175 2842 nam
199 2777 308 2859 polus,
332 2776 468 2841 aduerso
493 2777 548 2861 qui
571 2777 699 2841 tollitur
723 2797 781 2840 axe
803 2774 931 2858 Bootis,

171 3009 224 3057 822
244 3003 371 3058 feruntur
389 3001 417 3056 A
435 3002 479 3058 fei
503 3001 530 3056 V
563 3007 615 3058 828
635 3002 716 3057 dorso
734 3002 761 3056 A
780 3003 864 3056 dorsu
889 3001 914 3056 V
950 3008 999 3058 837
1020 3007 1118 3060 tenent

104 3075 131 3127 V
142 3077 207 3129 tene
222 3076 249 3128 A
263 3076 273 3143 ΙΙ
287 3073 391 3128 lumine
410 3073 481 3129 forie
499 3091 516 3128 c
534 3072 630 3128 ubiuia
647 3073 724 3127 fonte
744 3073 771 3126 V
787 3072 871 3128 obuia
885 3073 961 3130 fonte
976 3075 1004 3128 A
1018 3077 1116 3132 uotiua

99 3145 209 3200 lontee
233 3197 234 3202 ,
283 3150 334 3200 838
359 3144 407 3199 alii
432 3143 484 3198 VA
504 3144 553 3198 uni
572 3144 687 3198 Grotius
704 3146 738 3212 cf.
758 3143 871 3200 Horrore
892 3145 954 3199 XV
966 3165 996 3216 p.
1016 3151 1069 3200 187
1088 3163 1115 3200 a.

100 3222 137 3272 66
174 3221 224 3270 841
245 3215 382 3270 cunciisc
401 3215 495 3270 cuncti
515 3215 696 3284 VAcssaqua
716 3215 949 3290 VaqueAllest
968 3216 1118 3288 Vom.All

100 3286 167 3355 quin
187 3287 336 3342 Schraderc‘
357 3287 566 3341 cmuuwmorius
583 3287 674 3341 Berol.
694 3287 728 3354 cs.
748 3288 861 3343 Hermes
886 3288 949 3340 XV
964 3304 994 3356 p.
1015 3290 1069 3341 187
1088 3305 1114 3341 a.

100 3363 138 3412 67
164 3357 213 3424 qui
235 3356 265 3410 in
292 3355 343 3410 VA
415 3374 442 3410 u.
467 3361 521 3413 845
543 3358 706 3413 inscribitur
729 3359 803 3413 ΑΒΔ
833 3358 885 3412 VA
957 3362 1009 3410 846
1034 3373 1117 3428 super

100 3427 187 3482 micat
205 3427 233 3482 A
252 3427 439 3498 supermiraba
463 3427 489 3482 V
530 3432 581 3484 847
601 3429 674 3484 hano
694 3429 808 3487 Grotius
825 3429 879 3483 hoc
905 3428 955 3482 VA
998 3434 1049 3484 849
1069 3430 1116 3498 qui

105 3498 156 3556 VA
174 3499 209 3566 cf.
229 3499 342 3554 Hermes
362 3497 424 3552 XV
436 3515 465 3569 p.
485 3503 539 3556 187
558 3517 585 3555 u.
605 3503 642 3556 68

865 3588 902 3641 3*
