2578 3956
565 257 787 322 „63-

167 398 200 463 id
223 419 379 483 praesepe
402 401 530 464 uocant.
575 420 675 482 porro
698 399 761 464 hoc
783 419 939 483 praesepe
963 403 1095 482 repente

169 488 196 552 si
221 509 290 552 sese
315 509 354 551 ex
377 488 477 552 oculis
501 487 614 571 procul
638 487 777 572 auferat,
801 487 914 552 ardeat
936 491 1045 552 autem

168 597 330 660 congmus
354 575 451 642 aeriis
474 577 539 640 late
563 577 664 641 rubor
686 577 772 664 ignis
796 576 917 658 asellis,

80 681 369 750 1660111111111111
392 669 509 729 tenues
533 665 707 750 agitabunt
730 669 849 751 stagna
872 666 1040 750 procellae.

167 758 203 818 at
226 755 253 819 si
278 754 437 819 sideribus
460 754 575 818 similis
600 755 655 818 lux
678 754 772 819 duret
795 757 829 818 et
850 754 899 818 illi

167 845 274 908 taetra
297 843 339 907 sit
362 843 500 928 effigies,
524 843 618 907 cadet
640 843 715 906 altis
738 843 880 907 nubibus
903 843 1009 908 imber

167 931 272 996 lenior
294 934 327 995 et
349 952 447 1014 parco
471 953 548 996 mox
571 931 668 996 tellus
693 952 766 996 rore
789 931 944 998 madebit.

168 1021 224 1084 sed
247 1021 365 1085 boreae
389 1021 418 1084 si
440 1023 533 1103 parte
555 1021 657 1084 trucis
679 1020 772 1084 uelut
795 1019 907 1106 indiga
929 1022 1034 1086 iustae

81 1110 265 1174 1666111111
287 1109 366 1173 facis
388 1109 478 1173 lento
503 1129 699 1174 marcescere
723 1109 865 1197 cernitur
887 1109 977 1192 igne,
1082 1154 1084 1164 1

168 1202 201 1262 et
223 1197 338 1281 procul
362 1198 495 1262 alterius
518 1197 597 1262 iuba
618 1198 684 1262 late
707 1197 826 1282 flagrat
849 1197 955 1281 aselli,

168 1287 318 1370 protinus
341 1285 539 1370 Aethiopum
564 1289 677 1372 surget
699 1285 903 1350 conuallibus
927 1289 1045 1351 auster.

170 1378 204 1439 at
226 1375 359 1460 regione
382 1375 454 1438 noti
477 1374 506 1438 si
528 1375 633 1439 lucem
657 1375 751 1439 stella
774 1378 937 1458 senescat,

170 1485 286 1528 saeuus
310 1463 466 1546 Riphaeis
490 1463 598 1547 aquilo
623 1463 796 1547 crepitabit
819 1463 861 1528 ab
885 1465 960 1528 oris.

82 1568 150 1617 1670
215 1551 301 1628 Quin
326 1555 358 1617 et
380 1552 517 1616 terrenis
542 1573 620 1635 cape
642 1553 739 1616 rebus
764 1555 853 1616 certa
875 1553 1060 1636 frequenter

170 1641 264 1726 signa
286 1641 510 1724 procellarum
555 1662 633 1706 nam
656 1663 730 1705 cum
753 1645 881 1706 traxere
903 1645 1065 1705 tumorem

170 1751 312 1815 aequora
334 1729 510 1813 prolixum,
533 1750 607 1794 eum
630 1729 729 1794 litora
751 1750 852 1794 curua
873 1729 1033 1794 resultant

169 1821 285 1903 sponte
308 1818 420 1901 procul
444 1839 549 1902 neque
573 1819 738 1883 caeruleus
761 1818 926 1883 colliditur
948 1821 1070 1901 aestus,

170 1910 227 1972 aut
250 1928 322 1972 cum
346 1907 489 1990 proceris
513 1910 623 1970 uertex
646 1907 681 1970 iu
704 1907 870 1971 montibus
893 1907 980 1970 ultro

83 2010 151 2061 1676
170 1995 345 2080 perstrepit
368 1995 505 2080 aerium,
528 1999 644 2060 uentos
666 1995 789 2060 instare
812 1995 981 2060 docebunt.

214 2084 260 2149 Et
283 2107 355 2149 cum
378 2106 481 2168 parua
503 2084 585 2148 fulix
608 2083 736 2166 trepido
759 2084 843 2167 petit
865 2105 945 2148 arua
967 2083 1094 2167 uolatu,

172 2177 291 2260 stagna
315 2173 440 2257 sinens,
463 2174 643 2258 longusque
665 2173 764 2236 iterat
786 2173 938 2258 clangore
960 2173 1121 2257 querelas,

170 2261 294 2326 indicat
316 2261 440 2326 insanis
463 2261 548 2325 freta
570 2283 647 2325 mox
671 2283 839 2326 canescere
862 2261 978 2324 uentis.

171 2349 309 2434 denique
336 2371 408 2414 eum
431 2350 521 2415 caelo
544 2350 722 2414 tenduntur
744 2371 825 2434 pura
848 2371 975 2432 serena,

84 2438 334 2505 16801111161111
357 2438 434 2522 polo
458 2441 536 2502 suut
557 2437 705 2521 flamina,
729 2439 853 2521 primus
875 2439 910 2502 in
932 2438 1004 2521 ipsa
1060 2459 1063 2462 ·

171 2550 247 2593 mox
269 2528 425 2614 picturati
449 2549 521 2592 eum
545 2527 645 2591 uertit
667 2527 807 2610 pectoris
832 2529 922 2591 artus

244 2815 313 2864 1667
336 2810 366 2864 id
389 2825 403 2861 1
425 2807 455 2861 in
474 2808 501 2861 A
576 2813 645 2863 1668
669 2807 779 2861 auferat
791 2807 912 2866 ,Grotius
930 2807 1023 2862 aufert
1040 2807 1068 2860 A
1087 2806 1190 2862 auferri

172 2881 337 2936 1111111161
376 2884 443 2934 1662
459 2879 541 2933 cadet
555 2895 568 2932 e
582 2881 686 2932 rnetA
729 2883 797 2934 1663
811 2893 895 2947 parco
910 2893 1001 2948 epars
1015 2895 1050 2932 eo
1064 2878 1091 2932 A
1105 2880 1190 2947 111011

172 2950 300 3005 madebit
317 2969 331 3005 1
348 2967 440 3006 rorem
458 2950 555 3004 adebit
572 2951 600 3004 A
675 2955 744 3004 1664
761 2948 851 3004 iustae
869 2966 885 3002 1
904 2948 978 3003 iuste
996 2950 1047 3004 Ae
1121 2955 1189 3004 1666

173 3021 288 3076 alterius
311 3039 325 3075 1
347 3021 476 3091 agitemus
495 3022 522 3078 A
602 3026 670 3075 1668
694 3022 725 3074 at
745 3037 759 3074 1
776 3021 802 3073 A
820 3020 847 3073 A
928 3025 996 3076 1669
1020 3019 1190 3090 Riphaeise

172 3092 308 3162 Riphcisa
333 3093 444 3160 (deleuit
465 3092 504 3161 A)
527 3091 664 3160 Rhipheis
687 3092 715 3144 A
737 3091 748 3159 l
771 3089 922 3160 crepitabit
944 3108 958 3145 e
984 3091 1141 3160 trepidabit
1162 3091 1190 3144 A

173 3182 201 3219 11.
220 3168 295 3218 1670
312 3163 476 3218 inscribitur
496 3163 580 3216 Venti
597 3164 649 3216 Ae
722 3167 790 3218 1671
810 3179 874 3216 cum
892 3164 1001 3218 traxere
1019 3163 1159 3218 tumorem
1177 3179 1190 3216 1

175 3238 307 3290 contrane
331 3235 431 3288 humor
448 3233 476 3286 A
550 3239 618 3288 1673
638 3233 782 3288 caeruleus
799 3249 816 3286 1
840 3233 963 3288 ceruleas
982 3234 1009 3287 A
1032 3235 1158 3288 ceruleus
1177 3250 1189 3286 1

175 3311 244 3362 1676
263 3307 363 3360 uentos
381 3322 395 3359 1
412 3303 514 3358 uentus
532 3305 560 3360 A
626 3310 694 3358 1677
714 3302 845 3373 clangore
863 3321 877 3358 1
894 3304 1011 3374 langore
1028 3306 1056 3359 A
1122 3310 1188 3364 1679

174 3393 272 3432 serena
295 3394 309 3431 1
333 3391 430 3431 screno
454 3379 482 3430 A
566 3375 837 3430 16801111161111
861 3376 953 3430 Serpit
975 3390 1027 3430 ura
1049 3375 1077 3430 A
1101 3375 1189 3430 Serui·

98 3455 103 3462 '
174 3450 274 3501 61111
358 3453 425 3502 1681
450 3447 585 3517 picturati
607 3463 621 3501 1
643 3446 725 3516 picea
746 3446 801 3500 rati
824 3447 960 3515 1111111
983 3445 1071 3502 uertit
1092 3447 1190 3516 scripsi

176 3518 210 3584 cf.
230 3517 343 3572 Hermes
364 3517 452 3570 XIII
464 3533 492 3586 p.
513 3522 566 3572 361
586 3535 620 3572 ru
633 3520 669 3571 43
688 3516 828 3572 conuertit
845 3517 896 3572 Ae
