2578 3956
526 215 719 278 „p-

114 357 213 444 pigra
237 359 327 422 tenet
349 353 462 442 gyros)
485 375 589 440 neque
612 377 670 422 ceu
693 357 807 422 molita
830 377 1005 441 parumper

29 465 92 514 135
114 447 259 511 flectitur
281 448 338 510 aut
360 444 454 510 tardo
478 445 607 510 cohibet
631 447 836 511 cunctamina
858 446 961 529 lapsu.

117 535 257 620 denique
280 533 423 599 Sidoniis
448 533 512 598 dux
535 536 585 599 est
608 531 778 618 Cynosura
801 533 933 599 carinis:

116 623 237 690 rectior
258 623 383 687 undoso
408 643 519 687 cursus
543 623 687 688 sulcatur
708 623 744 687 in
768 625 868 687 aestu.

162 711 253 776 Inter
275 715 447 794 utramque
470 710 585 776 dehinc
608 711 766 796 praeclari
789 709 931 777 nominis
955 710 1083 791 areton,

117 822 177 865 ceu
200 799 406 865 circumflexo
430 799 599 864 sinuantur
621 799 757 864 flumina
779 800 888 883 lapsu,

33 906 94 956 140
117 884 1133 972 squammeusagmenagensdraoouoluituradqueobitambas

117 978 279 1062 spirarum
303 977 411 1042 curuis
435 975 643 1042 anfractibus.
688 976 774 1041 hune
798 996 938 1061 quoque,
960 978 997 1038 ut
1020 976 1111 1038 artus

116 1067 248 1151 longius
272 1065 409 1130 effusum
433 1065 578 1149 spatiosa
601 1065 767 1130 uolumina
790 1065 943 1146 tendunt,

95 1171 99 1178 ’
117 1159 249 1238 compta
271 1151 446 1238 Lycaoniis
469 1153 639 1218 includunt
660 1154 808 1238 plaustra
831 1150 964 1218 choreis.

117 1265 183 1328 qua
207 1246 305 1327 caput
328 1246 378 1307 est
401 1241 546 1326 Helices,
568 1241 711 1308 fundunt
734 1264 805 1307 sese
828 1241 945 1306 ultima
967 1238 1106 1304 monstri

37 1349 95 1398 145
118 1331 253 1417 agmina
276 1331 392 1396 etheo
416 1331 496 1395 caeli
518 1331 575 1396 uix
598 1331 701 1396 cauda
722 1331 758 1394 in
781 1335 873 1416 parte
896 1328 1042 1414 quiescit.

118 1421 235 1503 altera,
259 1441 323 1504 qua
346 1419 454 1504 spirae
478 1419 566 1485 sinus
590 1423 652 1503 est,
676 1419 814 1484 sublime
837 1417 966 1502 reponit

117 1508 251 1574 uerticis
276 1511 309 1572 et
331 1529 431 1573 curuo
456 1528 512 1572 ceu
536 1509 747 1574 circumclusa
770 1508 907 1572 dracone

117 1597 154 1662 in
178 1597 310 1662 dorsum
333 1597 465 1662 alterius
490 1597 586 1662 dorso
609 1597 702 1662 iacet.
749 1595 864 1680 anguis
888 1593 930 1659 ob
955 1614 1012 1658 ora

119 1685 261 1751 uertitur
284 1705 321 1750 ao
344 1685 443 1770 longe
464 1688 663 1769 postremam
685 1685 795 1768 lapsus
819 1684 854 1747 in
877 1685 991 1746 arcton

42 1789 98 1839 150
118 1796 249 1840 rursum
272 1774 403 1839 maioris
426 1775 546 1858 repetit
568 1773 708 1839 confinia
731 1771 826 1858 sigui.

118 1883 180 1928 nec
203 1883 286 1946 quac
310 1862 406 1926 stella
428 1867 527 1948 caput
548 1863 750 1927 flammarum
773 1859 910 1944 insignit
930 1858 1069 1941 honore,

120 1952 193 2018 sola
215 1951 315 2016 micat
338 1951 450 2016 solane
472 1952 591 2016 rubent
613 1950 762 2016 incendia
786 1950 897 2032 orista,

120 2040 178 2106 sed
201 2043 330 2104 saetosa
354 2039 473 2124 duplex
496 2039 606 2104 adolet
628 2039 691 2103 duo
714 2042 864 2121 tempora
885 2035 993 2120 fulgor

120 2131 154 2194 et
177 2129 239 2194 duo
264 2129 323 2194 sub
348 2127 487 2213 geminis
511 2127 596 2193 oculi
617 2127 801 2210 fulgoribus
826 2124 948 2189 ardent.

46 2233 100 2284 155
121 2217 237 2283 unicus
260 2217 346 2302 ignis
370 2217 448 2281 item
472 2218 580 2280 mento
605 2217 732 2280 aestuat
753 2215 890 2298 ipsaque
912 2213 1018 2278 forma

119 2306 266 2390 uerticis,
289 2306 324 2370 in
347 2308 462 2369 nutum
485 2303 587 2368 ueluti
610 2307 745 2369 curuata
767 2323 953 2387 parumper,

119 2416 184 2480 qua
206 2416 263 2478 per
287 2393 450 2459 dimensos
475 2393 649 2458 dimittitur
672 2393 749 2458 ordo
773 2395 913 2474 meatus,

191 2627 245 2676 154
262 2621 363 2677 molita
380 2614 557 2676 ite-mollita
580 2619 606 2674 V
659 2625 710 2676 136
730 2617 850 2687 denique
875 2615 945 2670 VAe
962 2614 1084 2684 indeque
1098 2615 1136 2669 N.

118 2692 255 2748 Haedus
276 2695 286 2762 l
309 2692 366 2747 dux
388 2695 470 2748 esto
499 2691 584 2746 ducet
611 2690 649 2746 Ve
676 2691 752 2746 lucet
775 2691 803 2743 A
895 2691 945 2740 157
971 2685 1074 2740 rectior
1101 2685 1138 2740 Vc

118 2762 208 2818 rarior
225 2764 253 2817 A
319 2769 370 2818 138
390 2765 487 2818 arcton
505 2763 533 2816 A
553 2763 647 2817 areeto
672 2761 698 2815 V
714 2763 824 2815 arctoe
891 2763 942 2811 140
961 2772 1138 2825 squammeus

118 2834 278 2902 aequans
297 2833 324 2888 V
341 2835 495 2902 Squameus
514 2832 694 2902 Aenambas
712 2849 726 2886 c
743 2847 792 2886 om.
818 2829 871 2884 VA
926 2833 976 2882 141
999 2825 1138 2898 spirarum

124 2905 163 2960 Vc
186 2905 339 2976 spissarum
357 2907 385 2959 A
402 2908 412 2974 1
431 2908 464 2960 ut
487 2904 558 2958 VAc
575 2903 625 2958 ubi
645 2901 760 2957 Grotius
777 2901 812 2968 cf.
831 2901 945 2954 Hermes
965 2897 1018 2953 XI
1030 2916 1060 2968 p.
1080 2905 1139 2956 245

118 2993 147 3031 a.
167 2976 299 3044 5tartur
322 2974 359 3030 Ve
377 2977 475 3030 arcton
494 2975 605 3044 (deleuit
621 2989 721 3028 manus
738 2972 767 3041 1)
787 2972 885 3026 arcton
903 2971 931 3024 A
1023 2976 1073 3024 143
1097 2971 1137 3026 in-

120 3046 239 3101 cludunt
258 3045 296 3100 Ve
314 3044 452 3101 inducunt
465 3047 493 3100 A
540 3051 593 3100 144
610 3043 729 3100 monstri
747 3042 785 3097 Vc
803 3041 971 3096 monstraA
1014 3047 1065 3096 145
1085 3043 1139 3096 hac

119 3119 224 3230 50⁶0?
247 3116 275 3170 V
293 3118 304 3186 u
325 3115 375 3170 uix
398 3117 488 3172 cauda
510 3135 524 3172 c
545 3117 668 3172 nixanda
689 3114 717 3168 V
736 3113 856 3170 uisenda
873 3113 901 3168 A
923 3114 934 3182 u
956 3110 1078 3182 quiescit
1101 3111 1139 3165 Vc

120 3243 221 3311 qesefit
238 3241 266 3294 A
322 3245 373 3294 148
394 3241 429 3295 ob
448 3259 498 3296 ora
514 3243 543 3296 A
561 3241 649 3296 obora
672 3239 699 3294 V
715 3239 751 3294 ab
770 3254 820 3294 ora
838 3254 851 3292 c
869 3239 904 3305 cf.
920 3236 1034 3290 Hermes
1049 3235 1141 3288 XIII

117 3329 147 3382 p.
167 3316 223 3368 357
240 3330 269 3367 a.
289 3315 325 3368 34
408 3316 458 3366 151
478 3329 531 3366 nec
549 3328 621 3380 quae
640 3313 687 3366 Ae
704 3309 792 3380 Neeq:
817 3309 843 3362 V
925 3312 976 3362 153
996 3307 1109 3360 saetosa
1126 3324 1139 3361 e

121 3384 214 3438 setosa
237 3384 263 3438 V
279 3400 310 3438 se
328 3399 395 3439 cosa
411 3382 440 3438 A
496 3387 547 3438 155
566 3385 661 3437 mento
686 3381 725 3436 Vc
742 3378 844 3436 merito
863 3379 891 3432 A
909 3378 1047 3466 laedunt
1064 3377 1140 3448 ipsa-

121 3487 176 3538 que
195 3472 241 3529 Ae
259 3469 378 3546 pateatis
397 3489 460 3541 saq3
488 3473 515 3527 V
586 3475 636 3525 151
656 3469 810 3525 dimittitur
833 3468 871 3523 Ve
889 3469 952 3523 tent
969 3469 997 3522 A
