2578 3956
507 225 725 289 ..57-

105 366 232 449 nauita,
256 387 355 451 quom
377 365 513 450 longum
535 364 624 429 facili
646 369 716 431 rate
739 369 882 431 curreret
904 387 1038 452 aequor,

106 458 139 519 et
162 475 260 540 quom
283 454 368 518 ruris
393 475 506 520 amans
529 454 639 518 telluri
662 454 750 520 farra
772 454 899 538 parenti

17 563 83 612 1380
106 542 264 608 crederet:
286 542 414 628 ingenti
436 545 528 628 petat
551 542 631 608 haec
652 542 805 628 indagine
829 564 956 628 semper
1135 561 1161 603 se

107 654 164 698 seu
188 632 243 717 qui
266 632 340 696 uela
363 633 447 715 salo,
470 653 526 698 seu
550 631 605 716 qui
628 632 686 697 dat
708 632 833 698 semina
855 635 970 696 terrae.

107 742 167 786 nec
190 741 282 786 mora
306 720 462 803 discendi,
485 720 594 785 breuis
617 719 671 784 hic
692 721 785 786 labor
809 724 842 785 et
865 720 963 786 breue
984 725 1113 806 tempus

106 809 266 894 poscitur,
289 809 477 874 innumeros
499 809 601 874 hebet
623 814 731 875 autom
754 808 915 874 industria
937 811 1070 875 fruetus.

106 898 232 964 utilitas
256 901 289 962 te
312 901 401 962 certa
423 901 544 981 manet,
567 918 778 981 praenoscere
801 901 909 964 motus

16 1005 86 1055 1335
107 988 136 1051 si
159 986 241 1051 libet
263 985 366 1051 aerios
391 989 424 1052 et
445 987 695 1071 tempestatibus
718 986 798 1070 ipsis
1036 1059 1037 1062 Ἴ
1137 1003 1163 1046 eo

109 1074 202 1140 edere
225 1075 430 1159 principium.
476 1078 510 1139 te
532 1075 673 1160 primum
697 1078 813 1159 sponte
835 1075 986 1159 procellis

110 1163 234 1228 arcebis
257 1163 393 1247 rapidis,
414 1168 447 1228 to
471 1185 599 1230 rursum
621 1163 766 1248 principe
789 1163 905 1229 fluctus

107 1253 260 1326 nitebunt
283 1251 353 1336 alii,
377 1253 405 1318 si
428 1253 525 1318 certis
548 1253 680 1338 singula
702 1252 804 1337 signis

106 1345 256 1426 tempora
280 1341 453 1406 discernas.
498 1363 575 1406 nam
598 1340 712 1406 mundi
734 1339 862 1406 cardine
885 1363 980 1407 uerso

17 1450 87 1499 1330
107 1433 146 1494 ut
168 1432 254 1494 stata
277 1430 441 1495 raucisoni
463 1430 548 1494 redit
569 1429 750 1516 indignatio
773 1430 876 1514 ponti.
1136 1447 1162 1488 ⁶⁵

108 1539 204 1602 saepe
228 1519 346 1583 etenim
370 1539 565 1603 quamquam
589 1519 785 1603 tranquillae
809 1520 915 1584 noctis
939 1519 1060 1585 amictu

106 1606 200 1672 mitia
223 1607 367 1691 protenti
391 1607 594 1691 requiescant
616 1610 711 1691 terga
733 1605 897 1691 profundi.

106 1695 220 1760 doctus
245 1716 390 1760 securam
414 1695 564 1762 subducit
586 1696 628 1760 ab
652 1715 789 1779 aequore
813 1695 951 1760 classem

105 1783 219 1848 nauita
242 1786 275 1848 et
298 1787 410 1850 actaea
432 1785 552 1850 retinet
575 1784 715 1849 statione
738 1783 922 1868 phaselum,

17 1892 86 1941 1335
107 1893 180 1936 cum
201 1872 383 1938 matutinae
406 1873 589 1956 praesensit
612 1873 707 1956 signa
729 1873 899 1957 procellae.
1137 1889 1162 1930 70

105 1982 247 2046 namque
271 1961 352 2026 alias
377 1962 465 2026 caelo
489 1983 562 2027 cum
585 1962 682 2026 tertia
704 1961 828 2025 lumina
850 1961 1004 2027 Phoebus

106 2050 240 2133 exserit,
263 2049 318 2114 ille
342 2050 403 2114 sali
426 2050 506 2114 furit
527 2049 732 2134 inplacabilis
754 2050 883 2134 horror,

105 2136 217 2202 adfore
241 2159 337 2222 quem
359 2139 477 2224 pelago
501 2139 653 2205 comitem
678 2138 742 2203 sibi
765 2136 890 2202 dixerat
913 2140 1045 2203 astrum.

106 2227 219 2292 crebro
244 2227 356 2311 quinta
380 2227 495 2292 dehinc
518 2227 573 2292 lux
596 2230 781 2294 commouet
803 2225 1042 2312 Amphitriten,

16 2335 85 2383 1400
108 2325 203 2399 saepe
226 2315 361 2399 inopina
384 2316 463 2380 mali
486 2315 593 2382 clades
616 2316 692 2381 ruit.
738 2316 848 2382 omnia
870 2316 966 2381 certis
1136 2332 1162 2374 rs

105 2403 236 2468 indiciis
258 2404 319 2470 tibi
342 2404 420 2469 luna
442 2403 547 2489 dabit,
571 2427 627 2470 seu
649 2405 731 2470 lucis
755 2405 917 2490 utrimque

107 2513 202 2557 caesa
224 2492 342 2577 facem,
365 2514 423 2558 seu
446 2515 519 2559 cum
542 2497 678 2560 teretem
702 2494 879 2559 concrescit
900 2493 935 2557 in
959 2493 1080 2558 orbem.

107 2582 156 2646 sol
180 2601 309 2666 quoque
331 2585 486 2656 uenturas
510 2584 614 2667 aperit
637 2583 698 2648 tibi
722 2604 817 2665 caepe
839 2580 1014 2665 procellas,

107 2668 213 2734 sidera
235 2670 415 2753 producens
440 2675 472 2736 et
495 2693 567 2736 cum
591 2672 659 2736 sale
682 2670 789 2735 sidera
812 2668 932 2734 condit.

15 2775 85 2826 1405
150 2756 220 2823 Nec
243 2758 351 2823 minus
374 2781 413 2824 cx
436 2759 510 2824 aliis
534 2758 638 2824 aderit
661 2778 856 2844 cognoscere
878 2760 986 2822 motus
1135 2773 1162 2815 so

180 2990 248 3040 1378
272 3002 355 3054 quom
378 2987 479 3056 scripsi
502 3003 558 3056 quo
582 2985 634 3040 VA
709 2990 777 3039 1373
801 2986 831 3038 et
854 2999 938 3054 quom
956 2984 1056 3054 screbat
1073 2983 1122 3039 Et·

106 3067 197 3123 quo'ra
221 3056 248 3110 V
263 3056 300 3112 Et
317 3059 388 3126 quot
405 3057 433 3112 A
451 3056 582 3128 Aequora
600 3054 720 3126 cllrurie
739 3073 752 3110 e
769 3054 840 3110 raris
865 3055 892 3109 V
909 3053 965 3110 aris
984 3056 1123 3125 Auferre

111 3126 139 3180 V
157 3127 234 3182 lama
252 3129 280 3182 A
354 3133 422 3184 1331
445 3145 495 3184 eeu
537 3129 567 3183 ui
590 3129 639 3184 dat
661 3144 675 3182 c
698 3143 765 3182 seuo
786 3126 902 3194 quidet
925 3126 1034 3200 Vsque
1054 3125 1123 3194 quid
1198 3151 1201 3160 Δ

105 3200 137 3253 at
155 3199 182 3251 A
248 3203 316 3254 1888
335 3199 381 3254 hio
399 3215 415 3253 o
433 3199 489 3255 huo
513 3148 585 3254 ine
655 3203 723 3254 1384
740 3212 923 3268 praenoscere
940 3197 974 3279 'V
989 3212 1122 3280 praenos-

106 3284 168 3324 cere
187 3269 215 3323 A
276 3275 344 3326 1387
364 3270 469 3339 rapidis
493 3269 568 3325 VAe
585 3269 691 3324 rabidis
709 3287 726 3325 o
787 3275 855 3326 1388
875 3269 962 3338 signis
981 3269 1031 3324 Ae
1048 3284 1122 3336 rgnre

111 3339 138 3391 V
209 3345 278 3396 1333
302 3355 422 3410 aequore
440 3341 491 3396 Ac
514 3347 634 3411 aequore
658 3340 685 3394 V
756 3347 824 3396 1396
843 3340 913 3395 alias
931 3355 948 3393 o
967 3338 1024 3393 alia
1047 3338 1123 3396 VAe

107 3415 175 3466 1401
196 3412 337 3482 utrimque
362 3410 388 3466 V
404 3413 524 3482 utruque
542 3416 571 3468 A
644 3417 712 3466 1402
732 3428 814 3467 caesa
830 3412 860 3464 A
878 3409 961 3466 Cossa
985 3409 1036 3479 Vq
1057 3425 1121 3466 con-

105 3482 207 3538 crescit
224 3483 252 3536 A
271 3481 422 3538 concrescit
445 3482 472 3537 V
